2652 3476
679 970 816 1063 vDe
863 950 1145 1081 Oedipi
1190 942 1611 1078 Sophoclei
1656 989 1909 1077 culpa.

193 1307 363 1377 Multi
397 1341 581 1391 semper
615 1327 819 1378 fuerunt,
862 1322 944 1384 qui
976 1322 1023 1369 in
1047 1318 1384 1383 Oedipo.TReg'e
1409 1314 1454 1376 ¹)
1490 1312 1729 1377 Sophoclis
1764 1310 1999 1373 tragoedia
2032 1317 2276 1375 propterca
2311 1325 2413 1371 gra-

192 1415 310 1461 viter
345 1412 645 1464 offenderent,
667 1407 809 1470 quod
844 1408 891 1454 in
926 1419 983 1454 ea
1017 1404 1180 1453 omnia
1205 1401 1322 1451 dura
1355 1400 1435 1448 fati
1467 1400 1517 1447 vi
1550 1402 1833 1459 regerentur,
1903 1393 2054 1458 Atque
2088 1409 2279 1456 gravem
2312 1409 2416 1443 eam

194 1511 301 1544 esse
337 1495 641 1542 offensionem
674 1492 911 1550 multoque
945 1487 1286 1566 molestiorem,
1329 1497 1468 1546 quam
1502 1482 1656 1530 omnia
1691 1474 1774 1535 ea,
1824 1493 1944 1542 quae
1980 1480 2027 1526 in
2062 1480 2251 1551 reliquis
2281 1478 2415 1539 hujus

195 1579 360 1631 poetae
393 1571 560 1617 fabulis
595 1572 875 1631 reprehendi
908 1568 1168 1631 potuerunt,
1203 1567 1336 1612 facile
1351 1564 1650 1623 {intelligitun
1720 1557 1921 1608 Primtim
1955 1563 2086 1609 enim
2113 1574 2207 1611 non
2241 1564 2289 1610 in
2325 1576 2416 1610 uno

195 1651 351 1710 aliquo
397 1651 500 1697 loco
543 1652 691 1711 posita
737 1658 832 1702 est,
866 1649 992 1695 sed
990 1663 1089 1709 per
1118 1654 1271 1693 totam
1314 1646 1515 1693 fabulam
1550 1651 1728 1699 manat,
1784 1645 1955 1693 deinde
1998 1660 2092 1693 non
2139 1647 2187 1693 in
2221 1653 2418 1694 externa

113 1745 147 1767 ·‘
195 1731 350 1803 aliqua
393 1745 445 1780 re
476 1738 523 1780 et
561 1731 820 1780 adventicia
855 1731 1083 1783 cernitur,
1135 1737 1255 1790 quae
1289 1744 1387 1789 quo*
1422 1728 1705 1788 ingeniosius
1741 1730 1999 1789 excogitata
2044 1731 2093 1776 'et
2124 1728 2417 1777 artificiosius

196 1814 416 1863 adornata
453 1821 548 1871 est,
588 1829 646 1863 eo
693 1814 913 1876 maj0rem
956 1811 1140 1860 laudem
1182 1810 1347 1866 habet,
1401 1810 1485 1859 sed
1527 1811 1588 1858 ita
1622 1811 1670 1857 in
1704 1810 1917 1859 medullis
1952 1813 2085 1873 quasi
2118 1811 2278 1883 haefet
2293 1847 2307 1869 ,
2351 1820 2417 1868 ut,

196 1900 287 1946 nisi
338 1899 519 1947 tollatur
532 1933 543 1952 ,
591 1898 748 1946 incisis
801 1898 939 1945 totius
987 1896 1178 1944 actionis
1236 1895 1392 1943 nervis
1421 1894 1595 1941 ''omnia'
1628 1893 1769 1941 taedii
1820 1895 1956 1957 plena
1998 1910 2106 1944 esse
2156 1896 2417 1944 videantur.

184 1981 376 2039 -Etenim
411 1982 534 2044 quod
572 1989 732 2029 natura
767 1988 813 2029 et
845 1982 959 2029 ratio
994 1979 1255 2041 tragoediae
1290 1979 1513 2041 postulat,
1565 1985 1617 2025 ut
1665 1994 1801 2026 nemo
1851 1979 2070 2040 tragicam
2118 1980 2242 2025 illam
2277 1981 2419 2027 fortu-

195 2043 304 2116 nain
345 2067 630 2129 experiatur,
658 2066 767 2112 'nisi
801 2065 880 2127 qui
913 2065 989 2121 Ycl
1039 2078 1181 2128 pravo
1215 2063 1354 2110 animi
1393 2061 1543 2110 studio
1589 2063 1665 2110 vel
1711 2063 1842 2123 gravi
1887 2077 2046 2111 errore
2090 2063 2420 2127 inexpiabilem

196 2149 405 2195 fraudem
436 2150 689 2210 susceperit
722 2148 780 2194 ab
810 2149 954 2210 ipsius
984 2149 1175 2212 consilio
1205 2147 1358 2207 aliquo
1393 2147 1660 2208 profectam,
1697 2146 1744 2193 id
1780 2147 1916 2209 plane
1946 2146 2342 2203 desiderabimus,
2380 2147 2421 2196 si

198 2230 387 2292 quidem
431 2239 556 2278 recte
607 2232 897 2285 existimant,
949 2230 1174 2293 Oedipum
1218 2244 1324 2278 esse
1373 2228 1605 2277 hominem
1653 2230 1873 2293 probum,
1919 2230 2118 2290 justum,
2168 2229 2281 2278 nihil
2324 2246 2418 2279 non

195 2314 431 2378 praeclare
453 2313 731 2366 molientem,
753 2314 848 2360 vim
865 2314 944 2359 fati
965 2314 1181 2374 iniquam,
1203 2312 1676 2369 saevam„crudelem.
1721 2311 1927 2362 Efficitur
1946 2316 2099 2378 potius
2123 2316 2185 2363 ita
2205 2316 2418 2378 primum,

196 2404 247 2445 ut
277 2396 500 2458 quidquid
532 2397 607 2443 ille
641 2397 888 2443 committat
919 2396 1046 2448 mali,
1082 2396 1129 2442 id
1164 2410 1219 2445 ea
1247 2396 1296 2442 vi
1329 2403 1522 2456 cogente
1559 2403 1605 2443 et
1639 2397 1940 2459 protrudente
1975 2399 2136 2454 faciat,
2171 2400 2299 2448 nullo
2334 2414 2419 2448 suo

198 2481 417 2536 consilio,
472 2480 597 2528 nullo
626 2480 771 2528 *animi
804 2480 1061 2541 mentisque
1091 2485 1215 2527 motu
1250 2479 1433 2532 relicto,
1482 2485 1580 2525 tum
1614 2494 1756 2534 vero,
1803 2495 2081 2543 quamquam
2124 2481 2236 2529 nihil
2272 2489 2419 2545 patra-

196 2565 342 2620 verit,
388 2565 514 2626 quod
551 2565 720 2612 ‘merito
757 2563 844 2626 ipsi
878 2563 1087 2624 imputari
1141 2563 1310 2625 possit,
1360 2563 1685 2629 acerbissimas
1732 2578 1906 2626 poenas
1950 2566 2044 2611 luat
2085 2573 2301 2626 tanquam
2340 2568 2420 2613 ali-

197 2648 330 2708 quod
372 2648 581 2695 fortunae
623 2646 881 2695 ludibrium.
951 2645 1073 2695 Haec
1104 2657 1218 2692 vero
1254 2645 1341 2693 etsi
1376 2659 1432 2693 ea
1466 2645 1718 2703 hahentur,
1768 2654 1817 2696 ut
1848 2648 1888 2696 si
1933 2655 2058 2697 recte
2089 2649 2327 2704 dicuntur,
2372 2651 2419 2698 id

198 2730 375 2792 ipsum,
423 2745 516 2791 quo
558 2730 853 2776 fundamenta
889 2729 1020 2790 quasi
1068 2729 1329 2790 tragoediae
1377 2731 1691 2787 continentur,
1747 2732 2031 2781 convellatur
2077 2739 2123 2780 et
2171 2741 2417 2788 evertatur,

198 2820 304 2859 sunt
338 2820 490 2860 tamen
506 2847 518 2866 ,
569 2814 736 2874 quibus
770 2824 827 2859 ea
860 2813 907 2858 in
940 2813 1143 2873 perfecto
1179 2814 1353 2860 scilicet
1382 2813 1494 2860 artis
1527 2828 1668 2877 opere
1703 2814 1955 2862 tolerabilia
1986 2814 2241 2864 videantur.
2311 2816 2418 2866 Pro-

195 2893 382 2945 fitentur
415 2903 594 2953 autem,
646 2896 842 2959 '‚,Oedipi
875 2896 1056 2958 culpam
1091 2911 1275 2944 omnem
1311 2897 1409 2944 fere
1445 2897 1505 2944 ad
1541 2898 1588 2945 id
1625 2899 1776 2945 redire
1793 2934 1804 2953 ,
1855 2900 1982 2960 quod
2009 2907 2142 2947 natus
2178 2900 2236 2947 sit
2259 2897 2325 2962 2),
2373 2908 2420 2949 et

246 3106 280 3146 1)
336 3110 494 3153 Oedipus
520 3110 697 3144 Coloneus
727 3110 886 3150 ejusdem
909 3112 1037 3151 poene
1060 3108 1179 3142 rabula
1203 3108 1250 3143 ab
1274 3110 1343 3144 hac
1368 3107 1578 3152 quaestione
1601 3109 1819 3146 secludenda
1841 3111 1990 3147 videtur.

242 3165 278 3207 2)
336 3168 459 3206 Jacob.
485 3172 630 3213 Quaest.
655 3170 821 3216 Sophocl.
845 3180 879 3216 p.
901 3168 981 3207 325.

1838 3237 1861 3283 1
