2652 3476
224 254 460 339 perficiat-‚-
508 273 565 320 Ut
587 286 703 323 vero
717 274 869 328 omnia
891 272 1056 334 'regunt
1079 272 1152 320 Dii
1173 278 1223 321 et
1249 285 1326 319 res
1360 268 1585 316 humanas
1607 276 1781 324 curant,
1818 272 1895 332 ita⁴
1913 271 1989 333 pie
2018 271 2177 318 volunt
2211 279 2259 319 et
2292 280 2451 320 sancte

223 359 358 406 colit.
386 359 523 405 nemo
552 353 636 404 eofs‘
672 353 858 418 impune
878 354 1092 418 'negliget
1125 358 1203 405 vel
1246 362 1525 405 contemnet.
1587 355 1730 410 Quod
1776 357 1857 417 qui
1897 357 2095 410 faciunt,
2147 372 2290 417 quum
2327 358 2450 405 inso-

223 442 361 492 lentia
392 447 439 490 et
473 436 691 504 superbia
724 455 777 489 se
804 438 1006 489 efferant
1035 447 1103 490 et'
1125 434 1264 504 supra
1312 455 1469 490 rerum
1512 439 1816 499 humanarum
1850 440 2055 497 ‚modum
2090 456 2145 489 se
2182 440 2450 496 extendant,

223 528 389 575 eorum
422 523 614 572 iram-in
631 526 696 572 se‘
719 522 1005 579 convertunt,
1040 537 1135 572 non
1170 522 1229 572 ab
1264 524 1436 574 invidia
1453 525 1528 573 illa
1556 525 1824 589 profectam,
1854 519 1940 574 sed
1975 523 2085 574 inde
2119 531 2289 580 natam,
2326 523 2453 587 quod

223 609 351 672 leges
396 606 675 657 mortalibus}
716 607 931 672 scriptae·
953 607 1195 657 violantur.
1290 608 1407 656 Nam
1456 613 1618 657 natura
1670 608 1720 656 in
1762 607 1997 656 mentibus
2046 608 2325 673 insculptum
2365 615 2450 663 est,

222 693 346 741 Deos
392 706 501 740 esse
544 698 595 739 et
626 691 713 755 ,pie
758 691 991 739 colendos·
1018 693 1125 739 esse
1138 706 1155 750 3‘
1202 705 1323 754 quae
1356 698 1511 740 autem
1539 693 1641 746 ita,
1692 698 1740 739 ut
1772 691 1887 746 hoc,
1935 690 2201 739 hominibus
2235 692 2372 739 insita
2406 698 2454 738 et

171 764 174 766 ⁵
222 777 376 822 innata
399 781 513 821 sunt
528 805 556 828 ‚-
577 788 633 820 ea
665 774 790 820 bona
822 773 1034 820 habenda
1066 781 1254 821 suntet
1288 777 1507 836 religiose
1527 776 1785 828 servanda,
1800 816 1805 821 .
1822 790 1882 822 ne
1918 776 2143 836 neglectis
2176 775 2249 822 his
2279 775 2452 821 divinis

223 872 379 907 rerum
425 856 725 905 humanarum
758 856 877 906 orde
916 864 968 906 et
984 880 986 884 >
1002 858 1116 906 ratio
1155 859 1382 916 turbetur.
1451 860 1517 906 Ita
1549 859 1673 906 enim
1707 842 1865 907 divina
1906 865 1954 905 et
1996 857 2194 906 humana
2238 858 2357 906 inter
2398 873 2452 906 se

222 954 435 990 connexa
477 947 526 989 et
567 947 672 1005 apta
717 935 848 996 sunt‘,
900 948 951 990 ut
995 941 1084 990 illis
1131 941 1355 1002 neglectis
1388 943 1503 992 haec
1538 944 1779 992 turbentur
1810 951 1855 992 et
1890 943 2228 992 confundantur
2260 949 2308 990 et
2341 956 2452 990 con·

220 1009 450 1087 tem-ptum*
484 1023 687 1073 Deorum
734 1030 951 1086 sequatur
987 1026 1133 1087 &omne
1168 1030 1221 1072 et
1262 1025 1517 1076 facinorum
1566 1033 1613 1075 et
1649 1027 1851 1075 seierum
1896 1042 2058 1088 genus,
2130 1024 2252 1074 Nihil
2296 1032 2452 1073 autem

219 1106 540 1158 vehementius
573 1106 646 1155 Dii
679 1112 976 1165 aversantur,
1027 1121 1190 1171 quam.
1210 1107 1432 1159 ferociam
1465 1109 1589 1158 illam
1626 1109 1781 1159 omnia
1815 1115 1991 1159 temere
2026 1109 2288 1163 turbantem
2324 1107 2451 1172 cupi-

219 1190 374 1255 deque
404 1194 769 1255 pervertentem:
804 1191 1015 1241 modeste
1030 1226 1044 1247 ,
1081 1192 1333 1256 prudenter
1359 1197 1409 1242 'et
1430 1197 1750 1256 temperanter
1783 1193 1938 1258 omnia
1984 1190 2086 1241 fieri
2117 1192 2293 1241 volunt.
2364 1192 2451 1239 Ita·

219 1290 311 1339 que
356 1276 397 1324 si
428 1274 539 1338 quid
588 1288 617 1322 a
651 1275 744 1336 quo
782 1275 969 1336 §factum
1010 1282 1082 1325 est
1128 1276 1374 1339 superbius
1409 1282 1457 1324 et
1498 1275 1814 1330 insolentius,
1840 1281 1887 1323 et
1931 1275 2126 1324 violatae
2176 1289 2261 1323 eae
2304 1275 2479 1336 leges„

218 1358 389 1421 quibus
431 1357 668 1408 hominum
715 1358 840 1406 salus
884 1358 1143 1407 continetur
1156 1393 1170 1414 ,
1214 1360 1415 1420 graviter
1461 1358 1511 1406 id
1550 1358 1833 1406 ulciscuntur
1876 1357 1950 1405 Dii
1986 1364 2034 1406 et
2068 1358 2171 1418 jure
2217 1357 2308 1406 hoc
2349 1356 2449 1406 fieri

216 1442 427 1491 homines
460 1443 594 1490 facile
627 1448 894 1502 agnoscunt.
967 1497 970 1501 ⁴
1040 1479 1044 1483 .

318 1522 443 1571 1=Sed
481 1530 548 1570 ut·
565 1504 681 1572 haec
713 1525 837 1586 apud
870 1529 1052 1587 poetam
1085 1524 1196 1571 satis
1228 1527 1387 1586 aperta
1416 1529 1565 1576 sunt„
1592 1523 1657 1572 ita
1699 1523 1824 1571 aliud
1858 1525 2036 1579 minuS,
2081 1540 2175 1587 quo
2205 1527 2310 1586 jure
2346 1524 2449 1574 fieri

215 1605 383 1667 possit,
416 1610 617 1666 apparet.
675 1603 1024 1652 Acciditenim
1055 1604 1106 1652 id
1137 1612 1334 1667 rquoque
1349 1639 1363 1659 ,
1409 1611 1463 1652 nt
1495 1605 1600 1666 quis
1632 1620 1730 1655 non
1773 1606 1850 1652 illa
1886 1607 2102 1669 superbia
2133 1608 2305 1662 elatuS,
2359 1607 2450 1656 sed

214 1688 483 1751 imprudens
508 1688 614 1736 ‘fere
647 1688 693 1737 'et
727 1684 911 1737 invitus.
933 1687 982 1735 id
1015 1689 1124 1736 mali
1156 1689 1234 1736 vel
1266 1688 1391 1751 dicat
1406 1697 1408 1699 “
1425 1688 1502 1735 vel
1536 1688 1686 1742 faciat,
1723 1688 1850 1749 quod
1884 1703 2077 1749 gravem
2092 1690 2298 1743 Deorum
2331 1691 2450 1738 iram

216 1777 263 1818 et
295 1770 776 1820 viudi'ctam‘excitet.⁴
818 1770 969 1826 ¹Quod
987 1771 1212 1833 quamvis
1247 1771 1415 1820 durum
1448 1770 1664 1819 videatur
1681 1806 1695 1826 ,
1746 1756 1901 1821 tamen
1932 1773 2007 1820 Dii
2037 1773 2153 1825 ,nihil
2187 1775 2279 1823 nisi
2314 1789 2450 1822 suum

212 1868 380 1902 munus
422 1857 639 1915 sanctas?
652 1855 759 1904 illas
801 1854 928 1916 leges
967 1853 1128 1902 tuendi
1168 1854 1363 1916 exsequi
1396 1856 1584 1918 putandi
1618 1863 1741 1904 sunt.
1810 1853 1900 1911 Qui
1948 1857 2075 1905 enim
2115 1858 2179 1905 ita
2230 1872 2447 1906 severam

213 1935 378 1990 delicti·
393 1957 395 1961 ’
408 1939 611 2000 poenam
643 1938 860 1987 subeunt
873 1972 886 1992 ,
922 1942 1168 1987 'excusant'
1188 1984 1191 1987 Α
1208 1936 1398 1998 quidem
1446 1939 1799 2007 imprudentiam
1834 1940 2034 2003 ideoque
2070 1942 2334 2002 graviorem
2366 1944 2448 1993 de·

210 2020 319 2069 licto
354 2035 562 2084 poenam,
582 2025 692 2071 esse
728 2027 998 2083 queruntur,
1035 2020 1122 2069 sed
1154 2023 1422 2071 accuratius·
1443 2039 1544 2072 rem
1577 2025 1925 2088 inspicientibus
1955 2039 2060 2073 eam
2095 2026 2244 2088 ipsam
2277 2027 2450 2089 impru-

210 2102 414 2151 dentiam
453 2088 644 2153 crimini
672 2105 875 2154 dandam
914 2119 1023 2153 esse
1064 2106 1253 2172 apparet
1284 2106 1374 2154 vel.
1392 2120 1419 2153 a
1454 2107 1669 2155 socordia
1702 2108 1779 2156 vel
1809 2121 1838 2154 a
1873 2108 2131 2155 temeritate
2175 2110 2446 2171 profectam.

209 2187 281 2235 Ut·v
306 2185 443 2248 igitur
489 2187 538 2234 id
571 2189 746 2250 ipsum,
788 2187 915 2249 quod
944 2189 1241 2236 commissum
1285 2196 1379 2244 est,
1428 2191 1777 2238 excusationem
1795 2192 2010 2252 'aliquam
2045 2191 2215 2240 habeat
2228 2227 2242 2246 ,
2292 2201 2448 2241 tamen

216 2269 363 2333 ipsius
379 2324 382 2326 ,
399 2275 590 2317 naturae
624 2275 672 2317 et
700 2268 841 2327 animi
875 2266 1081 2324 babitus,
1138 2284 1245 2331 quo,
1276 2285 1413 2332 aquae
1454 2272 1543 2319 sint
1579 2273 1761 2333 singula
1795 2273 1916 2321 dicta
1950 2281 1998 2322 et
2038 2275 2157 2323 facta
2173 2311 2186 2331 ,
2235 2275 2446 2332 efficitur,

210 2365 307 2400 non
338 2352 379 2401 is
412 2358 506 2407 est,
554 2351 634 2415 qui
668 2366 774 2401 esse
808 2352 965 2401 debet.
1033 2353 1186 2402 Mente
1227 2355 1352 2402 enim
1390 2356 1421 2402 ii
1454 2362 1502 2404 et
1534 2356 1735 2412 ratione,
1791 2372 1884 2420 qua
1913 2357 2039 2414 [nihil
2085 2361 2252 2410 melius
2301 2360 2449 2412 homi-

209 2434 352 2502 nibq
395 2436 470 2483 Dii
514 2435 739 2484 dederunt
755 2470 768 2490 ,
814 2450 909 2483 non
954 2442 1082 2485 recte
1126 2438 1445 2500 sapienterque
1492 2445 1681 2487 utuntur
1726 2456 1813 2490 nec
1862 2441 2074 2491 homines
2109 2458 2163 2492 se
2197 2459 2304 2494 esse
2339 2446 2449 2495 faci-

211 2517 354 2580 leque
390 2518 499 2566 labi
534 2519 582 2567 in
616 2519 784 2581 quavis
822 2523 875 2568 re
910 2525 957 2568 et
988 2519 1160 2569 'cadere
1205 2521 1519 2575 recordantur.
1589 2523 1640 2571 In
1655 2528 1659 2570 ὲ
1674 2523 1747 2574 his
1781 2526 1919 2588 igitur
1933 2561 1947 2582 ,
1982 2528 2083 2576 sive
2117 2541 2258 2578 causa
2291 2529 2448 2579 delicti

160 2665 171 2673 ·
210 2614 250 2646 a.
272 2602 489 2650 socordia
502 2636 518 2657 ,
579 2603 694 2650 sive
728 2604 983 2651 temeritate
998 2638 1013 2658 ,
1070 2605 1173 2652 sive
1211 2603 1494 2654 confidentia
1538 2608 1789 2669 repetenda
1838 2617 1910 2657 est
1925 2645 1938 2664 ,
1992 2613 2195 2660 maxime
2245 2615 2448 2662 cernitur

209 2683 413 2733 Deorum
449 2687 683 2750 {severitas
698 2720 712 2741 ‚
761 2685 975 2734 homines
1009 2687 1169 2748 quales
1192 2695 1255 2750 2et
1282 2691 1392 2737 sint
1435 2698 1482 2751 et
1528 2695 1635 2739 esse
1677 2691 1881 2740 debeant
1925 2707 2159 2756 quamque
2204 2695 2447 2758 diligenter

212 2774 398 2816 sanctae
441 2770 546 2817 illae
592 2770 720 2830 leges
761 2770 818 2817 iis
864 2771 1174 2833 praescriptae
1217 2774 1476 2822 servandae
1513 2775 1603 2822 sint
1616 2779 1637 2829 ,’
1681 2777 1883 2836 graviter
1917 2777 2287 2834 admonentium,
2330 2781 2447 2841 inju-

209 2851 331 2900 stitia
348 2886 362 2907 ,
383 2852 582 2901 invidia
597 2888 614 2908 ,
658 2853 851 2904 saevitia
883 2868 980 2903 non
1016 2855 1233 2903 cernitur.
1409 2912 1412 2914 ,

343 2935 580 2985 Postremo
622 2952 759 2994 vere,
812 2953 905 3001 quo
948 2938 1061 2986 nihil
1113 2941 1191 2988 vel
1224 2941 1285 2989 ad
1330 2942 1677 3003 intelligendum
1710 2941 1942 2993 difficilius
1976 2945 2054 2994 vel
2097 2945 2159 2994 ad
2190 2946 2445 2997 defenden-

212 3018 321 3065 dam
368 3027 417 3067 et
442 3022 746 3083 *purgandam
781 3023 983 3070 Deorum
1020 3024 1242 3083 justitiam
1283 3012 1653 3088 ineiplicabilius
1701 3042 1809 3077 esse
1855 3028 2053 3082 videtur,
2101 3029 2192 3076 hoc
2239 3038 2324 3076 est.
2394 3032 2444 3078 In

209 3117 386 3164 graves·
416 3107 574 3155 enim·
595 3107 688 3154 Dii.
706 3106 919 3155 homines
948 3121 1147 3157 errores
1169 3138 1172 3140 —
1195 3110 1370 3159 ducere
1403 3110 1633 3159 dicuntur·
1665 3119 1715 3159 ,et
1750 3118 1905 3161 tamen
1950 3114 2128 3176 punire.
2214 3114 2308 3161 Sed
2351 3128 2442 3162 non

1475 3332 1501 3347 Ψ
