2652 3476
1147 130 1488 182 ...9-

151 274 157 277 ’
212 273 444 321 civitatem
472 272 693 339 'excitare
740 272 939 334 possint,
988 270 1159 332 colligit
1198 270 1438 333 permulta.
1523 268 1648 317 Facit
1698 268 1887 330 quidem
1934 266 2201 329 magnitudo
2254 280 2430 321 eorum,

212 354 379 416 quibus
412 353 763 418 premebantur,
797 354 1043 409 malorum,
1090 359 1141 402 ut
1174 353 1393 402 sacerdos
1430 353 1477 400 in
1507 351 1581 400 his
1611 352 1897 416 explicandis
1930 350 2119 399 haereat
2151 357 2198 398 et
2231 364 2432 398 commo-

212 444 337 486 retur
381 436 573 493 diutius3
623 436 709 484 sed
751 437 791 484 si
824 437 1086 498 quaerimus
1105 471 1118 491 ,
1168 452 1252 485 cur
1293 439 1429 486 novis
1466 452 1652 501 semper
1684 437 1842 485 verbis
1886 436 2089 485 eandem>
2124 449 2225 482 rem
2270 434 2433 488 variet,

212 520 595 584 gravioribusque
624 521 685 570 ad
717 522 899 571 laudem
931 537 1026 571 non
1059 523 1211 571 minus
1247 536 1385 584 quam
1418 521 1659 569 utilitatem
1700 521 1844 584 ipsius
1875 520 2039 583 Oedipi
2080 518 2436 567 accommodatis

212 604 492 666 argumentis
525 602 696 661 firmet,
735 621 828 655 non
859 608 921 655 ab
955 621 1010 655 ea
1044 614 1135 655 una
1168 620 1308 655 causa
1342 606 1586 667 singularis
1620 619 1810 668 prorsus
1853 604 2083 666 loquentis
2118 610 2166 651 et
2206 602 2436 666 precantis

214 689 446 738 contentio
480 688 709 752 proficisci
737 692 932 740 videtur.
1001 693 1195 758 Infertur
1220 687 1264 755 1)
1301 690 1453 753 potius
1494 690 1557 736 ita
1597 689 1798 752 suspicio
1843 689 2071 751 quaedam
2100 687 2436 740 Thebanorum,

214 776 353 836 posse
388 773 615 836 Oedipum
647 775 813 823 afferre
846 776 1070 822 malorum
1102 776 1358 822 remedium
1392 774 1700 826 credentium,
1749 773 1871 818 velle
1909 772 2075 819 afferre
2115 772 2436 819 diffidentium.

213 853 270 901 Et
315 859 468 900 tamen
506 853 622 901 falsa
656 862 754 902 erat
788 869 841 901 ea
877 856 1089 918 suspicio.
1159 857 1350 903 Multum
1396 857 1520 904 enim
1563 870 1663 903 rem
1704 871 1863 909 secum
1905 858 2215 910 volutaverat,
2271 855 2438 902 multas

215 936 537 1004 expediendae
567 923 734 986 *salutis
769 938 868 986 vias
912 939 1097 1000 inierat,
1143 939 1228 986 sed
1264 954 1541 1001 quamquam
1581 941 1716 987 nullis
1757 942 1854 988 suis
1893 941 2069 989 artibus
2112 955 2176 988 ex
2216 938 2439 999 angustiis

216 1020 392 1082 emergi
426 1020 580 1077 animo
614 1020 977 1070 discruciabatur
990 1056 1002 1077 ,
1047 1020 1158 1069 nihil
1203 1037 1393 1086 prorsus
1437 1023 1537 1085 ipse
1581 1020 1766 1071 efficere
1806 1028 2030 1086 potuerat.
2100 1022 2253 1078 Quare
2295 1035 2441 1083 quum

216 1103 423 1166 opinioni
470 1104 641 1151 civium
675 1103 736 1151 de
770 1101 822 1151 Se
870 1111 1113 1168 susceptae
1154 1110 1201 1151 et
1245 1106 1471 1153 voluntati
1513 1106 1780 1154 satisfacere
1822 1120 1875 1154 se
1918 1119 2012 1154 non
2051 1120 2190 1168 posse
2232 1106 2439 1159 sentiret,

216 1186 342 1235 domi
389 1200 443 1233 se
480 1187 715 1241 continuit,
745 1202 832 1236 nec
878 1188 1128 1250 quidquam
1164 1188 1350 1236 omnino
1393 1187 1440 1234 in
1475 1186 1679 1234 medium
1713 1184 1911 1250 protulit.
1981 1184 2078 1233 Hoc
2120 1185 2269 1249 ipsum
2302 1198 2441 1247 quam

215 1256 371 1333 grave·
392 1277 529 1333 atque
563 1272 781 1319 acerbum
817 1273 862 1319 ei
888 1272 1024 1320 fuerit
1069 1272 1178 1319 inde
1212 1278 1426 1334 apparet,
1464 1269 1531 1336 (v.
1571 1268 1675 1336 74.)
1717 1270 1844 1332 quod
1877 1268 2174 1332 cupidissime
2206 1275 2443 1332 exspectat

216 1356 391 1403 oraculi
423 1370 721 1418 responsum,
773 1369 866 1417 quo
909 1355 1045 1402 allato
1078 1355 1390 1403 desideratam
1423 1353 1504 1401 diu
1546 1352 1725 1400 afflictis
1765 1366 1903 1415 opem
1946 1352 2057 1399 ferri
2101 1366 2243 1415 posse
2280 1351 2441 1400 credit.

215 1439 453 1487 Praeclare
485 1425 601 1486 haec
635 1439 695 1485 ad
728 1439 1051 1500 negligentiam
1085 1438 1274 1501 Oedipi,
1311 1449 1430 1498 quae
1465 1436 1513 1482 in
1548 1435 1740 1483 summis
1775 1435 1972 1483 civitatis
2006 1435 2138 1483 malis
2172 1449 2280 1483 esse
2315 1435 2443 1483 vide·

214 1520 375 1572 batur,
419 1512 749 1567 removendam
782 1525 1069 1583 comparata:
1118 1519 1185 1564 ita-
1213 1518 1400 1565 demum
1435 1516 1828 1580 exspectationem
1864 1529 1989 1571 eam,
2033 1529 2174 1578 quam
2203 1530 2351 1579 usque
2384 1515 2445 1565 ad

215 1601 265 1649 id
300 1607 479 1662 tempus
513 1585 762 1663 decepisse*
791 1603 1058 1664 putabatur,
1093 1608 1220 1649 recte
1253 1602 1485 1663 digneque
1518 1606 1684 1648 tuetur.

351 1683 445 1730 Sed
478 1698 562 1730 cur
592 1674 732 1744 poeta
766 1684 827 1730 ita
841 1718 853 1736 ,
889 1691 940 1730 ut
957 1685 1107 1737 ¹facit,
1144 1699 1242 1731 rem
1275 1683 1468 1730 instituit
1502 1697 1717 1744 eumque,
1751 1684 1831 1744 qui
1863 1684 1986 1731 bene
2021 1684 2301 1747 reipublicae
2335 1697 2445 1732 con-

218 1765 388 1814 sultum
422 1771 634 1827 cuperet,
667 1763 778 1812 nihil
813 1781 999 1829 eorum,
1043 1781 1163 1827 quae
1195 1768 1243 1814 in
1278 1766 1506 1826 ejusmodi
1540 1767 1823 1828 temporibus
1858 1767 1983 1827 regis
2016 1767 2217 1812 maxime
2251 1767 2446 1813 consilio

218 1853 266 1896 et
310 1847 581 1898 auctoritate
621 1844 723 1897 fieri
758 1848 931 1904 solent,
968 1849 1121 1898 facere
1154 1850 1327 1898 voluit?
1393 1851 1594 1900 Primum
1608 1886 1620 1905 ,
1667 1851 1808 1898 credo
1823 1885 1835 1905 ,
1886 1857 2152 1914 propterea,
2190 1849 2318 1911 quod
2351 1863 2446 1911 quo
2459 1889 2472 1900 .

219 1931 401 1994 longius
436 1936 530 1979 tota
565 1931 729 1996 Oedipi
772 1933 888 1982 ratio
933 1948 961 1982 a
996 1941 1254 1983 ceterorum
1296 1933 1534 1985 hominum
1568 1935 1899 1984 consuetudine
1928 1935 2200 1988 recedebat,
2246 1949 2305 1982 eo
2340 1948 2448 1996 pro·

219 2017 322 2080 pius
358 2015 419 2064 ad
451 2022 661 2064 naturam
696 2018 1029 2081 consiliumque
1058 2018 1322 2080 tragoediae
1355 2018 1629 2076 accedebat;
1673 2016 1782 2082 (qua
1816 2019 1862 2066 in
1896 2033 1948 2068 re
1983 2018 2190 2067 ornanda
2224 2023 2447 2080 quantum

221 2105 435 2147 cernatur
468 2100 600 2155 artis,
643 2114 738 2148 non
771 2100 878 2149 licet
910 2100 1006 2168 hoc.
1036 2102 1139 2150 loco
1174 2100 1455 2167 exponere);
1506 2102 1678 2151 deinde
1712 2116 1826 2150 vero
1841 2137 1866 2173 ,⁸
1905 2101 1953 2149 id
1987 2102 2113 2163 quod
2146 2102 2208 2150 ad
2241 2108 2448 2150 nostram

222 2190 323 2232 rem
365 2183 686 2244 gravissimum
728 2189 822 2239 est,
875 2184 1027 2233 statim
1073 2185 1133 2232 ab
1181 2186 1332 2241 initio,
1384 2187 1532 2248 qualis
1577 2193 1739 2234 natura
1779 2186 2052 2246 animusque
2092 2185 2259 2248 Oedipi
2303 2192 2446 2238 esset,

222 2267 460 2317 declarare
488 2267 646 2316 voluit.
672 2292 676 2295 -
717 2267 817 2324 Qua
851 2267 900 2315 in
932 2281 984 2316 re
1017 2267 1111 2316 duo
1147 2268 1257 2317 satis
1299 2268 1543 2324 indicavit,
1586 2271 1778 2329 primum
1810 2270 1977 2328 optima
2009 2282 2207 2329 quaeque
2241 2282 2338 2317 eum
2370 2283 2449 2317 so-

221 2353 298 2411 qm‘
332 2356 376 2400 ec
407 2353 473 2400 ad
503 2364 769 2413 communem
798 2353 955 2399 civium
986 2353 1173 2399 salutem
1204 2338 1373 2409 referre
1381 2367 1401 2410 ,·
1451 2357 1539 2399 tum
1571 2364 1675 2399 vero
1722 2353 1828 2398 velle
1869 2364 1966 2398 eum
2005 2365 2102 2399 esse
2141 2356 2278 2400 totum
2309 2367 2448 2413 mm,

221 2436 323 2482 um's
339 2437 456 2483 suis,
488 2436 536 2481 in
568 2435 768 2483 omnibus
807 2435 938 2482 rebus
971 2438 1202 2494 parentem
1244 2435 1467 2494 consiliis,
1511 2436 1605 2481 suis
1646 2435 1799 2481 omnia
1848 2438 2050 2494 aqentem
2094 2436 2288 2496 viribus,
2335 2450 2449 2497 eam,

223 2523 352 2578 quae·
382 2519 448 2566 ad
473 2524 557 2564 'res
602 2519 712 2564 bono
746 2519 966 2578 quenda-5
1000 2519 1215 2577 prox-ima
1253 2519 1438 2565 habetur
1479 2519 1577 2576 via,
1625 2519 1937 2578 neqliqentem,
1992 2518 2079 2566 hoc
2121 2523 2209 2579 cst,
2258 2522 2451 2568 consilia

225 2614 324 2648 oum
357 2602 464 2649 aliis
477 2636 490 2659 ,
524 2601 600 2648 ubi
632 2603 733 2647 usui
763 2602 824 2647 sit
854 2604 896 2647 ot
926 2602 1152 2660 expediat,-
1193 2613 1283 2648 non
1322 2603 1724 2648 commnicantem.
1794 2600 1971 2656 Quibus
2009 2600 2152 2650 rebus
2198 2602 2311 2664 quid
2352 2601 2449 2651 effi·

224 2684 370 2732 ciatur
399 2700 522 2733 nunc
550 2699 644 2744 non
679 2684 899 2737 dicimus,
944 2683 1055 2733 satis
1089 2681 1336 2737 habemus,
1388 2684 1429 2731 si
1458 2685 1687 2748 Oedipum
1720 2683 2026 2748 Sophocleum
2059 2700 2168 2734 eum
2199 2701 2307 2735 esse
2340 2701 2449 2736 con-

226 2775 343 2824 stet,
369 2770 459 2831 vqui
489 2769 643 2818 omnia
676 2782 759 2817 sua
793 2782 856 2816 ex
889 2782 942 2816 se
975 2774 1080 2832 apta
1111 2781 1218 2816 esse
1250 2766 1363 2815 velit
1395 2784 1483 2818 nec
1517 2770 1610 2817 ulla
1641 2770 1689 2818 in
1718 2784 1771 2818 re
1800 2769 1986 2819 aliunde
2020 2771 2242 2835 pendere.

356 2852 596 2913 Pergimus
630 2867 751 2901 nunc
799 2852 859 2899 ad
883 2913 885 2915 η
906 2852 1081 2913 reliqua
1094 2886 1107 2905 ,
1158 2857 1208 2900 ut
1243 2866 1362 2913 quae
1401 2854 1450 2901 in
1493 2855 1562 2902 iis·
1588 2854 1648 2901 ad
1681 2868 1785 2901 eam
1814 2869 1937 2908 rem,
1988 2868 2128 2916 quam
2168 2832 2453 2916 qussrimus,

226 2935 353 2989 utilia
385 2935 812 3001 deprehendantur,
845 2935 1100 2985 videamus.
1169 2935 1304 2992 Quod
1319 2971 1332 2991 ,
1366 2951 1509 2998 quum
1541 2938 1642 3000 ipse
1676 2936 1789 2986 nihil
1822 2938 2018 2988 remedii
2052 2939 2281 2988 inveniret
2312 2938 2449 2987 Oedi-

274 3127 309 3167 1)
356 3137 390 3162 v.
414 3127 472 3163 48.
497 3114 702 3177 ᾖροοίνμὸᾳς
723 3129 966 3173 retinendum,
989 3128 1063 3166 non
1086 3114 1294 3177 προμήθίας
1320 3138 1406 3166 cum
1428 3130 1612 3167 Wundero
1633 3130 1867 3178 infer-endum.

1863 3195 1894 3242 2
