2652 3476
1182 171 1520 219 -10-

231 314 339 360 pus,
381 301 625 348 Creontem
668 304 957 365 potissimum
989 305 1194 369 Delphos
1230 308 1383 362 misit,
1436 308 1608 370 optimo
1651 310 1843 356 consilio
1886 309 2053 370 fecisse
2097 309 2327 370 putandus
2375 319 2459 358 est.

228 383 411 429 Nullum
441 386 581 438 enim,
617 387 691 432 cui
727 393 896 433 tantam
932 403 1033 435 rem
1064 392 1383 444 committeret,
1420 392 1593 437 invenit
1628 390 1864 438 hominem
1892 393 2147 439 certiorem.
2217 392 2272 438 Et
2306 401 2460 441 tamen

227 466 288 513 de
327 467 551 514 industria
587 468 661 516 hic
694 484 806 532 prae
833 474 1002 520 ceteris
1036 474 1097 520 ad
1131 489 1234 521 eam
1266 489 1366 521 rem
1399 475 1606 522 delectus
1643 477 1749 523 esee
1769 476 1967 531 videtur,
2003 482 2054 521 ut
2089 476 2136 522 in
2167 490 2224 523 eo
2257 477 2461 524 maxime

228 550 458 612 Oedipus,
507 552 587 612 qui
622 560 775 607 esset,
822 556 1103 604 ostenderet.
1174 558 1529 620 Supplicantium
1561 574 1676 607 vero
1710 560 1850 606 animi
1878 560 2065 620 egregie
2099 560 2154 607 iis
2190 558 2461 607 confirman-

229 643 328 689 tur,
376 650 495 696 quae
537 652 729 685 reverso
770 639 967 689 Creonte
1017 649 1063 689 et
1111 651 1407 704 quaerentem
1447 650 1493 691 et
1543 642 1832 705 profitentem
1878 643 2080 690 audiunt.
2159 642 2278 690 Nihil
2321 645 2458 698 enim,

227 733 321 778 quo
365 718 434 772 id,
481 719 608 779 quod
652 724 843 771 oraculo
888 726 1063 773 editum
1099 734 1199 782 est,
1252 726 1478 790 perficiat,
1528 727 1899 790 praetermittere
1929 725 2126 774 videtur.
2155 765 2159 769 .
2196 726 2287 774 Sed
2321 727 2369 774 in
2403 742 2461 775 eo

227 801 327 863 ipso
367 802 564 863 primum
603 804 796 861 accidit,
849 814 899 854 ιιι
937 811 1068 865 justa
1108 812 1356 871 inquirendi
1397 813 1633 873 prudentia
1679 814 1723 858 et
1754 811 1983 869 diliqentia
2028 810 2331 857 desideretur.‘
2370 810 2461 857 Ubi

226 883 349 930 enim
393 884 452 930 ad
503 885 758 934 sedandam
801 891 1110 950 pestilentiam
1163 894 1347 942 exitiale
1382 897 1557 949 scelus,
1600 894 1709 941 Laio
1759 892 1996 955 superiore
2052 899 2163 952 rege
2220 893 2458 941 interfecto

223 968 545 1023 commissum,
580 971 865 1032 expiandum
908 988 1016 1022 esse
1046 977 1249 1032 audivit,
1297 993 1390 1026 non
1425 978 1471 1025 id
1501 977 1626 1039 quod
1660 980 1905 1038 exspectes
1940 974 2069 1028 facit,
2118 980 2169 1021 ut
2201 977 2459 1024 accuratius

222 1050 281 1097 de
316 1050 503 1098 homine
539 1052 641 1114 ipso
677 1063 900 1115 quaerat,
946 1058 1032 1105 sed
1066 1061 1218 1122 potius
1254 1075 1335 1115 ea,
1380 1076 1498 1124 quae
1534 1060 1683 1109 Greon
1717 1060 1778 1107 de
1812 1074 1871 1106 eo
1905 1060 2241 1114 dicturusest,
2284 1060 2459 1122 praeci-

221 1134 299 1180 dit.
371 1134 545 1196 Atque,
583 1137 711 1200 quod
745 1140 893 1199 majus
930 1148 1022 1196 est,
1059 1157 1336 1206 quamquam
1370 1145 1481 1191 nihil
1517 1143 1775 1206 exoptatius
1806 1141 2033 1196 habebat,
2070 1156 2209 1203 quam
2237 1150 2286 1189 ut
2315 1158 2459 1189 unum

220 1219 409 1279 aliquod
440 1221 689 1280 vestigium
719 1224 968 1284 reperiret,
1006 1241 1099 1288 quo
1135 1236 1349 1277 auctores
1384 1228 1599 1274 facinoris
1633 1226 1850 1286 indagare
1885 1232 2069 1287 posset,
2106 1232 2282 1280 tamen,
2318 1235 2459 1286 quum

220 1318 365 1349 unum
394 1319 581 1351 servum
621 1320 648 1351 e
680 1307 824 1353 caede
860 1309 1068 1371 elapsum
1103 1312 1162 1359 de
1197 1328 1251 1359 re
1286 1313 1497 1360 retulisse
1531 1318 1579 1358 et
1621 1312 1794 1358 referre
1837 1324 1984 1372 posse·
2016 1309 2260 1372 comperit,
2307 1323 2367 1356 ne
2398 1308 2459 1355 ab

221 1385 310 1432 hoc
341 1386 530 1446 quidem
564 1386 751 1456 homine
782 1391 978 1452 amplius
1013 1395 1351 1454 exquirendum
1392 1400 1542 1455 putat,
1588 1393 1672 1440 sed
1714 1407 1771 1439 eo
1791 1427 1803 1446 ,
1856 1407 1948 1453 quo
1995 1407 2089 1439 non
2136 1398 2270 1454 putes
2306 1391 2460 1439 delabi

219 1468 369 1514 virum
415 1468 714 1529 prudentem,
763 1471 993 1519 delabitur
1025 1480 1078 1520 -et
1121 1490 1213 1521 non
1256 1476 1440 1524 aliunde
1486 1475 1804 1521 interfectores
1839 1487 1976 1534 quam
2018 1474 2315 1521 clandestinis
2343 1473 2458 1521 The-

217 1551 444 1599 banorum
479 1551 717 1599 hominum
764 1554 944 1601 insidiis
980 1554 1256 1603 subornatos
1291 1570 1399 1603 esse
1447 1556 1723 1617 pronuntiat.
1791 1554 2017 1601 Postulari
2058 1554 2175 1600 haec
2204 1553 2265 1599 ita
2300 1558 2346 1600 et
2376 1567 2457 1600 ne·

217 1637 421 1683 cessario
470 1638 643 1698 requiri
691 1638 835 1699 ipsius
882 1638 1147 1698 tragoediae
1195 1639 1387 1686 consilio
1433 1652 1488 1685 ac
1523 1637 1700 1684 ratione
1742 1637 1875 1685 facile
1917 1637 2244 1696 concedimus,
2270 1643 2458 1696 ¹contra

217 1735 331 1767 vero
363 1720 424 1767 de
472 1720 746 1782 prudentiae
783 1728 829 1768 et
871 1721 1122 1783 sapientiae
1168 1720 1305 1768 laude
1351 1720 1474 1780 ejus,
1516 1721 1597 1768 cui
1633 1720 1749 1767 talia
1783 1733 1812 1766 a
1846 1726 1983 1782 poeta
2017 1720 2303 1786 tribuuntur,
2352 1734 2456 1782 per-

216 1805 410 1852 multum
462 1802 646 1852 detrahi
689 1804 923 1853 neminem
973 1805 1128 1867 fugiet.
1195 1805 1302 1852 Jure
1351 1806 1488 1867 igitur
1534 1805 1692 1854 dicere
1741 1804 1847 1852 licet
1896 1809 2079 1868 poetam
2116 1801 2206 1850 hoc
2252 1802 2355 1850 loco
2406 1802 2455 1850 id

194 1889 395 1949 ,egisse‚
442 1893 492 1934 ut
526 1886 691 1949 Oedipi
732 1887 1022 1949 prudentiam
1073 1889 1191 1935 inter
1235 1902 1398 1937 omnes
1444 1890 1851 1938 celebratissimam
1899 1898 2003 1935 eam
2047 1900 2154 1934 esse
2197 1893 2453 1949 appareret,

217 1985 333 2031 quae
362 1973 423 2030 id,
454 1973 574 2031 quod
600 1973 793 2018 menime
820 1974 1098 2031 propositum
1132 1978 1236 2020 ante
1264 1975 1416 2020 oculos
1449 1978 1587 2032 esset,
1622 1975 1772 2020 leviter
1801 1973 2013 2019 transiret
2045 1976 2089 2017 et
2121 1972 2186 2018 ad
2214 1973 2456 2018 remotiora

216 2061 260 2102 et
291 2057 535 2115 lonqinqua
576 2058 868 2114 intempestive
907 2057 1149 2112 festinaret.
1231 2057 1325 2103 Hac
1367 2058 1570 2104 maxime
1617 2072 1669 2104 re
1712 2056 1814 2104 fieri
1860 2056 2098 2116 videmus,
2146 2060 2198 2101 ut
2245 2055 2344 2116 ipse
2394 2054 2455 2102 ad

215 2137 541 2198 cognoscenda
560 2150 663 2184 >sua
698 2137 902 2207 facinora
932 2137 1200 2185 deducatur.
1270 2140 1448 2187 Deinde
1483 2156 1619 2194 vero,
1656 2138 1911 2203 postquanr'
1934 2139 2067 2190 satis,
2104 2150 2225 2197 quae
2254 2137 2316 2183 ad
2349 2151 2455 2184 cae-

214 2220 286 2269 dis
322 2228 537 2269 auctores
573 2221 830 2275 ducerent,
867 2222 1102 2270 audivisse
1136 2222 1225 2270 sibi
1259 2225 1389 2271 visus
1424 2231 1517 2277 est,
1553 2221 1742 2285 operam
1775 2223 2040 2285 pollicetur,
2082 2219 2144 2266 ita
2179 2221 2229 2267 ut
2262 2226 2308 2269 et
2342 2220 2453 2268 civi-

215 2305 292 2350 tati
336 2311 383 2351 et
423 2305 522 2351 Deo
572 2303 793 2368 Delphico
843 2307 1102 2354 satisfaciat.
1185 2307 1285 2362 Quo
1333 2306 1435 2353 loco
1488 2306 1688 2352 maxime
1728 2305 1948 2353 miramur
1993 2312 2206 2356 causam,
2262 2316 2353 2364 qua
2398 2317 2453 2351 se

212 2387 390 2435 moveri
425 2387 562 2435 dicit:
600 2401 694 2434 non
729 2387 968 2448 disjunctis
1004 2390 1146 2452 stirpe
1180 2390 1354 2442 amicis,
1377 2371 1475 2439 'sed
1510 2388 1599 2436 sibi
1633 2387 1722 2451 ipsi
1756 2400 1859 2434 eam
1890 2398 2078 2449 operam
2115 2385 2291 2433 utilitati
2324 2387 2451 2434 fore:

213 2471 402 2518 easdem
439 2472 565 2518 enim
601 2472 817 2525 insidias,
855 2486 973 2533 quae
1009 2474 1236 2536 superiori
1270 2475 1368 2536 regi
1401 2474 1548 2521 factae
1583 2473 1701 2525 sint,
1737 2470 1851 2524 sibi,
1887 2470 1976 2517 nisi
2009 2477 2254 2525 caveatur,
2288 2472 2452 2518 timen-

213 2556 296 2602 das
332 2570 454 2602 esse.
526 2556 652 2603 Haec
688 2557 858 2610 omnia,
896 2558 1286 2618 quemadmodum
1323 2563 1430 2605 sunt
1458 2557 1581 2604 dicta
1615 2556 1675 2602 ab
1708 2568 1783 2607 eo,
1818 2553 1898 2614 qui
1933 2553 2281 2614 nonintelligat
2313 2553 2449 2608 dicta,

212 2641 503 2700 ingentisque
539 2632 780 2700 cujusdam
832 2639 1037 2687 horroris
1087 2642 1250 2703 plena,
1303 2642 1363 2687 ita
1383 2675 1395 2695 ,
1443 2641 1523 2701 qui
1557 2644 1694 2686 metus
1739 2643 1783 2685 et
1823 2651 1937 2697 quae
1983 2639 2177 2698 suspicio
2224 2639 2274 2685 &a
2316 2639 2454 2685 animi

209 2737 387 2770 recessu
417 2726 579 2782 lateat,
629 2724 846 2785 produnt.
918 2724 1084 2776 Oritur
1108 2725 1242 2790 igitur
1271 2725 1365 2785 jam
1398 2737 1580 2771 suarum
1612 2736 1760 2769 rerum
1794 2719 1928 2782 eura,
1980 2737 2123 2784 quum
2152 2721 2310 2784 paullo
2344 2728 2451 2769 ante

212 2804 275 2868 (v.
310 2806 390 2852 94.
449 2807 553 2868 plus
590 2821 642 2853 se
677 2806 849 2853 civium
886 2822 1025 2868 quam
1060 2823 1144 2856 sua
1182 2823 1319 2856 causa
1353 2791 1459 2869 angi
1493 2807 1733 2870 professus
1767 2811 1905 2859 esset,
1942 2812 1988 2853 et
2022 2805 2195 2853 sensim
2229 2806 2289 2853 ita
2323 2821 2448 2855 cres·

210 2891 300 2943 cit,
345 2895 395 2936 ut
439 2889 739 2949 cogitationes
777 2898 824 2938 et
859 2889 1026 2940 studia
1044 2893 1198 2940 minus
1230 2889 1355 2940 certe
1384 2891 1443 2938 ad
1479 2890 1675 2941 civitatis
1711 2886 1903 2936 salutem
1950 2887 2220 2938 referantur.
2293 2891 2450 2951 Itaque

209 2979 279 3026 ut,
330 2972 455 3033 quod
488 2978 622 3019 antea
654 2973 877 3028 vidimuS,
922 2989 949 3021 a
999 2972 1117 3028 suis(
1140 2988 1222 3022 sua
1257 2975 1461 3023 consiliis
1505 2972 1737 3037 proficisci
1774 2972 1872 3019 vult
1916 2972 2093 3025 omnia,
2141 2974 2208 3019 ita
2240 2973 2314 3019 ltie
2338 2973 2444 3028 jam

207 3058 359 3103 omnia
403 3057 593 3103 consilia
627 3060 670 3102 et
707 3057 836 3114 saeta
884 3059 950 3105 ad
982 3071 1092 3105 suas
1137 3060 1336 3105 rationes
1376 3070 1589 3106 revocare
1620 3069 1715 3103 eum
1755 3056 2045 3115 intelliqimus.
2113 3055 2182 3101 Ne
2217 3054 2327 3127 ipse.
2350 3053 2442 3101 vita

207 3147 253 3188 et
287 3155 432 3204 regno
468 3142 672 3202 privetur
703 3143 887 3197 metuit,
923 3144 1003 3204 qui
1038 3149 1209 3197 metus,
1245 3158 1339 3204 quo
1373 3143 1656 3193 deducturus
1691 3141 1750 3191 sit
1765 3174 1779 3196 ,
1814 3154 1926 3190 mox
1957 3139 2209 3204 apparebit.
