2652 3476
1156 162 1494 211 -16-

205 304 457 361 occupatus
498 303 570 347 est
613 297 754 360 idque
792 312 935 347 unum
982 304 1029 348 et
1073 300 1241 362 cogitat
1285 305 1332 349 et
1373 296 1634 354 contendit,
1688 305 1737 347 ut
1779 300 1990 363 injuriam
2035 307 2082 349 et
2124 301 2435 367 ignominiam,

201 398 344 447 quam
381 383 551 431 illatam
585 383 676 432 sibi
708 383 967 444 arbitratur,
998 384 1201 446 graviter
1234 383 1495 431 ulciscatur.
1563 381 1632 429 Ne
1665 381 1800 443 chori>
1829 383 2016 446 quidem
2048 383 2193 431 oratio
2227 384 2437 432 modeste

203 468 494 516 aberrantem
528 468 576 514 in
603 468 726 514 viam
761 466 1026 514 revocantis
1039 465 1102 514 'et
1136 481 1230 514 non
1263 466 1311 514 id
1345 473 1524 529 tempus
1560 479 1667 513 esse
1702 468 1948 521 monentis,
1980 481 2072 528 quo
2103 481 2211 515 suas
2240 469 2438 529 quisque

204 553 330 598 rixas
374 565 458 614 per
501 551 617 595 iram
663 550 907 609 transigat,
957 549 1043 595 sed
1083 563 1269 611 omnes,
1310 550 1435 610 quod
1464 550 1591 595 Deus
1631 549 1812 608 jubeat,
1860 551 1920 596 ad
1955 550 2199 597 levandam
2242 551 2437 598 civitatis

202 636 436 681 miseriam
485 634 729 694 diligenter
770 636 963 687 faciant,
1009 634 1261 695 quidquam
1302 648 1409 679 eum
1449 639 1607 680 movet
1653 626 1729 696 (v.
1767 629 1925 695 404.).
2008 632 2214 682 Persistit
2238 632 2309 682 'in
2354 649 2438 683 sua

203 732 343 766 causa
378 718 716 780 persequenda.
742 745 745 748 -
787 716 993 784 Apparet
1026 716 1074 765 id
1108 717 1254 777 magis
1288 716 1424 764 etiam
1455 723 1501 765 et
1531 716 1697 766 clarius
1712 752 1726 772 ,
1763 731 1904 778 quum
1937 716 2138 765 ferocius
2173 717 2357 781 corripit
2391 724 2438 768 et

203 802 403 863 exagitat
438 800 696 852 Creontem.
767 802 918 859 Quem
950 815 1094 864 quum
1127 799 1215 847 sibi
1258 800 1540 863 persuaserit
1579 799 1759 864 imperii
1793 792 1900 848 esse
1942 799 2173 847 aemulum
2187 836 2199 856 ,
2244 814 2337 849 non
2371 802 2436 848 fa-

204 886 292 933 cile
334 884 538 942 dimittit;
594 899 734 947 quam
783 884 1126 932 contentionem
1169 888 1219 929 ut
1264 883 1312 928 in
1360 885 1592 931 communi
1630 885 1805 947 patriae
1852 884 2108 932 calamitate
2155 898 2346 945 gravem
2390 893 2437 933 et

200 965 520 1015 detestabilem
547 966 729 1015 Jocasta
764 981 828 1014 ex
870 966 1065 1014 aedibus
1102 978 1348 1028 progressa
1399 967 1580 1016 acerbis
1612 969 1772 1017 verbis
1820 968 2009 1029 castigat
2034 965 2098 1031 1).
2168 968 2288 1024 Quid
2320 982 2434 1016 vero

199 1065 262 1098 ex
306 1048 399 1098 his'
425 1048 653 1097 efficitur?
728 1049 828 1097 Hoc
871 1048 1013 1097 credo
1026 1082 1038 1102 ,
1093 1047 1340 1110 providere
1388 1056 1434 1097 et
1494 1052 1738 1099 consulere
1804 1051 1940 1099 saluti
1997 1051 2167 1099 civium
2207 1050 2435 1114 Oedipum

198 1132 505 1196 Sophocleum
522 1167 534 1186 ,
580 1132 642 1179 ita
677 1138 832 1180 tamen
848 1167 861 1187 ,
907 1139 958 1181 ut
1006 1147 1110 1180 eam
1155 1147 1311 1180 curam
1360 1147 1472 1182 suae
1514 1134 1592 1182 vel
1631 1134 1728 1182 irae
1762 1135 1840 1183 vel
1883 1135 2119 1199 cupiditati
2149 1135 2262 1183 dare
2295 1135 2436 1182 animi

198 1219 465 1283 impotentia
512 1217 647 1265 facile
692 1218 796 1279 cogi
833 1232 887 1265 se
936 1218 1080 1272 sinat,
1129 1217 1337 1266 dolorem
1380 1232 1495 1266 vero
1538 1233 1673 1266 suum
1718 1218 1858 1267 nullis
1906 1233 1995 1267 nec
2038 1219 2299 1268 rationibus
2347 1234 2435 1268 nec

197 1303 415 1367 precibus
447 1300 694 1350 condonet.
765 1301 927 1363 Neque
961 1301 1200 1348 mirabitur
1233 1300 1344 1355 hoc,
1387 1301 1495 1362 qui,
1527 1315 1649 1363 quae
1683 1307 1819 1349 antea
1848 1302 1944 1362 jam
1977 1300 2038 1350 de
2073 1302 2255 1365 propria
2288 1301 2434 1351 homi-

196 1387 269 1436 nis
304 1391 467 1433 natura
501 1389 548 1432 et
582 1384 769 1445 ingenio
804 1394 868 1431 ex
900 1382 987 1431 hac
1020 1384 1175 1431 fabula
1207 1385 1382 1448 prolata
1416 1391 1545 1439 sunt,
1581 1385 1857 1436 meminerit.
1919 1371 1936 1386 ⁸

331 1470 400 1516 In.
425 1469 615 1530 reliquis
653 1468 843 1521 ,fabulae
882 1468 1090 1529 partibus
1132 1466 1250 1514 haec
1296 1468 1498 1515 maxime
1548 1468 1743 1530 insignia
1790 1467 2031 1515 habentur.
2113 1467 2314 1515 Primum
2355 1469 2436 1533 qui

195 1562 329 1602 antea
365 1553 594 1614 explicato
637 1564 665 1596 a
698 1551 871 1596 Tiresia
919 1550 1073 1611 priore
1118 1550 1196 1595 illo
1229 1549 1316 1595 Dei
1348 1551 1558 1613 Delphici
1604 1568 1830 1614 responso
1860 1552 2005 1615 ⁶culpa
2051 1568 2104 1600 se
2150 1551 2314 1600 teneri?
2340 1565 2436 1598 non

195 1637 444 1690 sensisset,
502 1634 543 1681 is
598 1634 859 1682 vinctorum
909 1631 1111 1696 expositi
1155 1630 1288 1695 pueri
1335 1631 1508 1695 pedum
1543 1631 1618 1699 (v.
1655 1633 1799 1699 717.)
1852 1641 1900 1683 et
1943 1632 2153 1692 „trifidae
2186 1633 2434 1682 Phocidis“

195 1718 265 1786 (v.
301 1719 417 1768 733.
454 1716 599 1776 716.)
648 1716 884 1764 mentione
925 1716 1092 1776 injecta
1133 1712 1434 1762 vehementer
1477 1721 1739 1764 exterretur
1788 1731 1875 1765 nec
1888 1752 1902 1773 ,
1954 1711 2233 1780 quamquam
2279 1717 2435 1765 omnia

194 1803 256 1853 ad
292 1815 401 1851 eum
435 1798 708 1863 placandum
744 1804 791 1847 et
826 1797 1158 1847 consolandum
1192 1796 1372 1844 Iocasta
1416 1796 1635 1856 effundit,
1685 1799 2042 1849 sollicitudinem
2081 1800 2246 1848 animi.
2271 1806 2319 1848 et
2350 1814 2432 1849 an-

194 1901 358 1950 gorem
391 1883 645 1947 reprimere
679 1887 832 1946 potest
866 1879 933 1946 (v.
969 1880 1083 1931 726.
1120 1880 1234 1930 738.
1271 1876 1425 1946 747.).
2251 1930 2254 1932 v

329 1968 533 2017 Externa
567 1965 702 2027 igitur
750 1965 825 2012 illa
838 1999 850 2019 ,
898 1964 989 2012 loci
1021 1970 1068 2012 et
1112 1964 1354 2028 temporis,
1394 1978 1488 2027 quo
1509 1966 1619 2014 'Laii
1654 1966 1824 2015 caedes
1873 1967 1991 2015 facta
2040 1973 2135 2022 est,
2183 1968 2432 2032 descriptio

194 2061 241 2103 et
271 2052 413 2106 ratio,
463 2051 609 2114 ipsius
643 2048 843 2097 hominis
877 2054 1048 2096 statura
1083 2054 1129 2095 et
1163 2046 1310 2110 figura
1343 2052 1450 2095 ante
1489 2048 1649 2095 oculos
1692 2049 1926 2113 proposita
1956 2048 2232 2104 admonent,
2279 2050 2434 2096 formi-

194 2137 447 2197 dinemque
485 2134 734 2189 incutiunt,
781 2133 901 2181 vatis
937 2133 1083 2180 verba
1123 2138 1333 2195 opertum
1367 2129 1448 2176 diu
1492 2130 1696 2178 tenebris
1731 2132 1909 2178 facinus
1930 2124 2207 2195 'aperientis'
2234 2137 2280 2177 et
2326 2147 2433 2194 pru-

194 2222 347 2271 dentis
382 2217 589 2266 hominis
624 2216 770 2264 oratio
806 2230 969 2263 omnes
1007 2214 1155 2262 inanis
1191 2213 1468 2277 suspicionis
1503 2212 1698 2262 nebulas
1734 2213 2019 2278 dispellentis
2054 2227 2149 2261 non
2179 2213 2433 2267 adducunt,

194 2310 245 2353 ut
279 2301 604 2364 cogitationem
633 2298 695 2346 de
722 2312 774 2346 se
816 2298 918 2361 ipso
949 2297 1168 2360 suscipiat
1209 2297 1257 2344 in
1292 2303 1442 2360 eaque
1484 2302 1690 2345 mentem
1730 2294 1916 2358 defigat.
1983 2294 2135 2357 Atque
2178 2297 2286 2358 quia
2322 2295 2436 2345 nihil

193 2387 285 2436 nisi
305 2390 513 2434 externa
563 2382 637 2428 illa
673 2380 1004 2444 circumspicit,
1054 2379 1223 2442 quibus
1258 2379 1319 2428 ad
1348 2379 1688 2429 declinandum·
1710 2380 1811 2441 ejus
1842 2378 2035 2428 sceleris
2062 2378 2264 2434 crimen,
2308 2380 2464 2442 quod*

195 2472 342 2521 ultum
378 2468 440 2523 it,
487 2472 638 2514 utatur
670 2479 951 2528 suarumque
984 2479 1139 2513 rerum
1173 2465 1466 2519 memoriam,
1513 2470 1734 2526 quantum
1772 2468 1946 2526 potest,
1996 2462 2134 2524 fugit,
2180 2469 2436 2525 sequuntur

197 2556 388 2617 reliqua,
425 2565 544 2615 quae
581 2551 831 2613 singularia
862 2555 909 2597 et
943 2549 1226 2596 admirabilia
1261 2564 1453 2612 prorsus
1488 2548 1721 2596 videntur.
1791 2548 1857 2595 Ita
1889 2546 1960 2603 fit,
1998 2554 2050 2595 ut
2086 2548 2133 2595 in
2167 2546 2433 2596 incredibili

195 2640 272 2687 illa
317 2634 628 2697 investigandi
671 2633 922 2695 sagacitate
975 2632 1141 2680 mentis
1187 2632 1311 2679 acies
1370 2629 1562 2680 mirifice
1620 2629 1841 2679 hebescat
1881 2638 1928 2679 et
1970 2631 2018 2679 in
2066 2630 2271 2679 tenebris
2309 2635 2434 2680 erret

196 2720 468 2786 prudentiae
504 2718 660 2782 opinio
697 2713 764 2782 (v.
802 2714 918 2764 836.
957 2714 1071 2763 846.
1110 2711 1263 2778 964.).
1333 2716 1398 2763 Ita
1443 2715 1573 2777 quia,
1617 2713 1755 2775 quale
1798 2712 1846 2761 id
1886 2714 2088 2762 futurum
2126 2715 2211 2769 sit,
2268 2713 2431 2768 nescit,

196 2819 288 2868 quo
337 2817 437 2852 rem
481 2802 756 2850 illustratum
799 2799 857 2848 iri
894 2804 1072 2864 sperat,
1113 2798 1279 2848 accidit
1316 2804 1367 2847 ut
1402 2811 1570 2860 magno
1610 2804 1735 2847 metu
1777 2805 1913 2863 atque
1953 2806 2131 2851 terrore
2173 2800 2431 2862 exagitetur

244 3029 279 3069 1)
339 3027 411 3062 [ok.
433 3034 467 3060 v.
491 3023 582 3060 634:
609 3023 654 3057 Τι’
673 3021 740 3068 τὴν
761 3021 937 3067 ἄβουλον,
964 3015 991 3058 ὅ
1012 3021 1253 3070 ταλαίπωροι,
1280 3017 1401 3058 στάσιν
1447 3002 1450 3004 “

605 3081 760 3130 ‚thionne
783 3081 958 3132 luviem&
984 3081 1060 3119 οὐδ’
1084 3080 1340 3127 damnine&
1362 3085 1428 3130 γῆς

607 3144 701 3182 οὕτω
723 3145 908 3192 νοσούσης,
930 3147 1005 3183 ἴδια
1030 3148 1200 3186 κινοῦντες
1223 3144 1336 3189 meh
1640 3174 1644 3181 ,
1965 3167 1967 3169 »
2063 3155 2068 3160 ’
2102 3166 2125 3193 ,1
2146 3179 2148 3182 ,
2240 3164 2242 3166 -
