2652 3476
1199 163 1538 213 —14—

248 303 425 356 teneri,
488 317 594 349 cum
644 309 792 349 matre
833 303 1035 363 denique
1098 303 1287 350 incestis
1339 300 1511 363 nuptiis
1554 292 1852 360 conjunctum
1904 314 2012 349 esse
2064 301 2253 350 dictitet.
2348 304 2481 359 Quae

247 389 401 435 omnia
436 402 579 448 quum
609 389 782 436 fraudis
813 394 859 434 et
895 387 1168 435 insidiarum
1192 394 1299 435 esse
1327 387 1515 440 clamet,
1551 385 1675 433 idem
1715 399 1829 434 mox
1862 401 1992 440 eum,
2028 386 2153 447 quod
2190 393 2306 441 tum,
2339 400 2482 448 quam

245 471 501 520 facinorum
535 473 717 535 culpam
751 472 867 519 ferat
882 506 895 525 ‚
946 485 1042 519 non
1074 470 1260 526 videat,
1303 469 1553 518 luminibus
1588 469 1775 518 amissis
1806 484 1840 517 —e
1874 470 2019 532 patria
2042 470 2251 530 ejectum
2282 484 2481 533 peregre

245 561 515 615 vagaturum
548 570 654 603 esse
689 554 890 603 ostendit
928 553 1042 602 diris
1077 554 1218 616 patris
1253 559 1299 602 et
1333 554 1489 602 matris
1522 555 1740 617 precibus
1769 555 1987 615 agitatum
1996 574 2009 611 3
2045 559 2278 616 postremo
2314 555 2479 604 eadem

242 638 500 686 accuratius
544 636 757 700 exponit,
804 643 853 685 ut
891 635 1004 684 nihil
1048 637 1252 701 Oedipus
1295 636 1471 691 audiat,
1521 637 1611 686 nisi
1654 638 1806 686 omnia
1850 620 2036 686 oraculo
2079 637 2157 685 illo
2201 637 2312 686 olim
2356 637 2479 687 edita

242 721 300 769 ab
337 722 438 785 ipso
474 720 532 769 ad
566 721 742 768 exitum
772 735 879 768 esse
914 720 1151 783 perducta.
1221 721 1344 769 Haec
1376 735 1517 782 quum
1552 709 1776 782 legimus,
1819 721 1944 770 haud
1982 722 2123 771 dubie
2159 723 2478 785 quaerendum

242 820 349 855 esse
383 811 625 868 putamuS,
669 805 782 866 quid
817 805 1019 853 maxime
1063 806 1227 859 fuerit,
1270 805 1395 870 qnod
1429 810 1565 868 poeta
1605 806 1655 852 -in
1697 805 1770 854 his
1804 808 2094 871 exponendis
2129 813 2303 857 tantum
2325 808 2477 856 vstudii

240 896 459 954 poneret,
509 895 559 935 ut
591 895 747 935 vatem
798 895 869 935 ter
904 884 1070 936 eadem
1105 889 1336 952 explicare
1380 890 1552 944 vellet,
1604 891 1757 953 primo
1798 892 1949 940 levius
1991 907 2091 940 rem
2127 891 2473 954 significantem,

240 974 412 1022 deinde
445 974 614 1021 clarius
652 974 982 1026 illustrantem,
1033 979 1267 1035 postremo
1297 979 1434 1021 vetus
1467 972 1579 1019 illud
1614 974 1849 1021 oraculum
1871 975 1972 1036 ,ipsi
2006 976 2265 1022 consulenti
2301 975 2476 1023 editum

240 1059 287 1105 in
323 1057 595 1105 memoriam
629 1055 933 1117 redigentem.
1002 1055 1226 1103 Nimirum
1262 1071 1404 1118 quum
1437 1071 1509 1105 ne*
1539 1057 1601 1104 ita
1643 1057 1834 1118 quidem
1851 1080 1857 1086 ·
1876 1059 2065 1106 sentiret
2100 1059 2326 1123 Oedipus,
2372 1060 2475 1121 qui‘s

239 1148 394 1195 esset,
440 1141 645 1202 quidque
692 1141 909 1194 fecisset,
970 1153 1192 1201 apparere
1234 1140 1441 1201 putabat,
1500 1155 1606 1188 eum
1647 1140 1800 1187 aliena
1841 1146 1888 1188 et
1931 1143 2178 1190 remotiora
2221 1149 2382 1191 curare
2430 1149 2476 1189 et

238 1239 549 1285 cognoscere,
611 1238 696 1270 sua
738 1229 784 1270 et
828 1223 1040 1285 proxima
1084 1223 1317 1282 negligere
1374 1228 1420 1268 et
1454 1234 1596 1281 quae¹
1620 1220 1759 1271 animi
1801 1226 1926 1267 esset
1970 1221 2133 1270 levitas
2166 1201 2214 1268 et
2248 1221 2474 1270 securitas

239 1312 469 1370 ignorare.
540 1309 694 1369 Atque
731 1306 842 1354 nihil
878 1308 1013 1369 plane
1048 1313 1365 1355 commovetur
1399 1306 1483 1359 iis,
1506 1318 1625 1365 quae
1658 1305 1907 1366 exprobrat
1941 1306 2153 1359 Tiresias,
2188 1305 2315 1353 nihili
2350 1305 2474 1358 facit,

236 1393 365 1454 quod
388 1394 488 1455 ipse
509 1407 699 1441 suorum
725 1391 950 1451 malorum
971 1389 1138 1438 dicitur
1163 1405 1270 1439 esse
1294 1395 1459 1440 auctor⁴v
1478 1384 1545 1452 (v.
1559 1385 1694 1450 379.)
1718 1393 1764 1436 et
1799 1389 1845 1434 in
1868 1388 1983 1437 alios
2018 1388 2268 1439 transferre
2294 1388 2476 1450 culpam

238 1477 304 1542 (v.
338 1476 492 1542 338.).
587 1478 656 1524 Ne
703 1484 797 1522 tum
845 1473 1034 1534 quidem
1081 1473 1191 1520 satis
1234 1472 1425 1519 attendit
1470 1477 1519 1518 et
1564 1471 1832 1533 prudentiae
1879 1484 1993 1518 suae
2040 1471 2225 1520 laudem
2250 1471 2474 1536 *imminui

233 1561 387 1616 videt,
435 1576 576 1623 quum
612 1561 729 1607 forte
763 1559 945 1605 fortuna
980 1556 1150 1602 factum
1184 1562 1291 1600 esse
1326 1551 1439 1600 dicit
1467 1557 1631 1615 vates,
1668 1557 1718 1599 ut
1752 1551 1963 1611 aenigma
1996 1547 2211 1612 Sphingis
2243 1550 2473 1605 solveret,

236 1647 329 1694 imo
365 1645 619 1706 quidquam
654 1648 738 1690 s‘ua
771 1641 948 1687 referre
982 1643 1145 1699 negat,
1182 1643 1335 1685 utrum
1368 1644 1426 1685 ea
1459 1634 1640 1681 fortuna
1671 1631 1731 1679 ad
1766 1632 2001 1679 interitum
2026 1631 2242 1688 ducatum
2292 1637 2475 1687 servata

234 1731 359 1778 enim
394 1730 579 1777 civitate
616 1727 944 1790 sempiternam
979 1739 1031 1771 se
1066 1721 1303 1786 peperisse
1337 1718 1538 1779 gloriam·
1564 1713 1812 1785 (v..441.).
1882 1717 1933 1763 In
1967 1714 2049 1775 his,
2074 1722 2227 1763 tamen
2258 1715 2471 1763 omnibus

233 1814 324 1861 hoc
360 1814 542 1874 insigne
580 1818 675 1865 est,
714 1809 841 1871 quod
876 1810 997 1855 illata
1031 1811 1275 1869 parentum
1304 1803 1537 1850 mentione
1567 1801 1775 1861 graviter*
1801 1806 2029 1862 pungatur
2059 1801 2256 1854 animus,
2293 1806 2356 1854 ut,
2393 1800 2473 1861 qui

234 1898 266 1943 ii
302 1898 417 1950 sint,
469 1896 637 1958 cupide
686 1900 877 1955 quaerat
922 1899 995 1945 et,
1038 1890 1165 1951 quod
1210 1887 1322 1935 nihil
1367 1886 1481 1933 certi
1528 1884 1885 1945 respondeatur„
1945 1883 1993 1930 id
2036 1884 2204 1945 ipsum,
2236 1890 2469 1944 queratur.

235 1983 414 2027 Illatum
464 1980 513 2026 id
554 1979 645 2026 hoc
678 1980 781 2025 loco
811 1979 873 2023 ita
904 1982 998 2028 est,
1050 1980 1100 2020 ut
1142 1971 1267 2033 quod
1301 1984 1407 2018 eum
1437 1968 1547 2015 olim
1582 1966 1797 2015 Corintho
1833 1964 2061 2028 proficisci
2102 1974 2148 2014 et
2182 1968 2331 2016 Deum
2364 1966 2472 2015 Del-

232 2064 419 2128 phicum
466 2063 598 2110 adire
639 2061 867 2121 coegerit,
916 2059 964 2105 id
1008 2058 1146 2105 etiam
1189 2061 1295 2102 tunc
1337 2054 1384 2100 in
1432 2053 1586 2099 animo
1635 2050 1836 2105 infixum
1864 2050 2080 2105 haerere,
2130 2051 2216 2104 sed
2249 2050 2470 2111 temporis

232 2147 530 2195 diuturnitate
580 2145 877 2192 obscuratum
921 2146 968 2186 et
1004 2139 1216 2186 obrutum
1250 2150 1357 2183 esse
1393 2135 1712 2194 intelligamus.
1786 2135 1838 2181 In
1880 2149 1938 2181 eo
1982 2135 2084 2195 ipso
2119 2147 2237 2179 vero
2269 2132 2471 2178 cernitur

233 2232 309 2278 illa
344 2231 484 2277 animi
520 2229 699 2276 levitas·
719 2233 766 2273 et
801 2225 1049 2276 securitas,
1100 2235 1218 2282 quae
1262 2220 1386 2268 nulla
1421 2232 1472 2265 re
1514 2218 1605 2274 nisi
1652 2218 1957 2264 incitamentis
1992 2216 2285 2263 extrinsecus
2322 2214 2471 2260 allatis

233 2330 341 2364 cum
375 2322 554 2362 terrore
590 2310 795 2373 quodam
830 2307 1114 2356 commoveri
1148 2304 1307 2368 potuit.
1378 2298 1696 2348 Confitendum
1737 2307 1890 2347 tamen
1926 2305 2022 2351 est,
2070 2297 2341 2359 perculsum·
2362 2311 2470 2343 eum

216 2413 340 2449 .esse
387 2397 605 2446 suscitata
649 2393 772 2440 illius
818 2390 993 2438 oraculi
1037 2389 1259 2435 memoria
1298 2392 1344 2434 et
1389 2385 1484 2445 jam
1526 2384 1747 2447 placatius
1785 2384 1908 2429 ferre
1951 2381 2151 2427 Tiresiae
2196 2381 2334 2428 dicta.
2405 2382 2471 2426 Ita

235 2490 361 2533 certe
397 2482 562 2529 tacitus
598 2478 658 2524 ab
695 2490 752 2523 eo
783 2475 1008 2528 discedit,
1053 2480 1102 2520 ut
1137 2487 1244 2520 eum
1283 2484 1447 2518 omnes
1483 2470 1783 2530 cogitationes
1826 2469 1874 2514 in
1918 2466 2175 2514 recolendis
2209 2467 2331 2513 vitae
2362 2458 2468 2510 an‘te

233 2575 362 2616 actae
398 2565 541 2612 rebus
573 2562 830 2623 positurum
866 2572 972 2604 esse
1005 2556 1183 2603 credas.

370 2649 532 2710 Neque
562 2657 677 2693 vero
721 2643 761 2690 is
805 2642 917 2696 fuit,
964 2640 1044 2702 qui
1088 2639 1135 2684 in
1177 2636 1272 2684 suis
1318 2634 1459 2683 rebus
1494 2634 1574 2681 diu
1619 2613 1833 2680 haereret
1867 2631 2199 2695 cogitabundus
2243 2631 2468 2693 facileque

233 2733 541 2796 resipisceret.
613 2727 713 2783 Qua
748 2739 799 2773 re
834 2737 947 2771 mox
983 2722 1103 2770 redit
1139 2722 1186 2766 in
1222 2733 1431 2775 scenam,
1470 2721 1679 2781 iramque
1713 2720 1760 2764 in
1796 2719 2037 2770 Creontem
2072 2719 2259 2771 evomit,
2296 2719 2376 2779 qui
2410 2717 2469 2763 ad

234 2815 454 2864 diluenda
498 2818 543 2858 et
593 2810 830 2872 purganda
880 2809 1074 2855 crimina
1117 2796 1222 2849 ante
1274 2804 1434 2870 inse
1464 2804 1629 2849 collata
1680 2803 1918 2864 processit.
2010 2803 2126 2848 Eum
2163 2802 2287 2847 enim
2328 2815 2469 2860 quum

234 2913 431 2960 regnum
474 2895 691 2940 affectare
736 2907 819 2954 pro
856 2899 981 2939 certe
1022 2891 1214 2941 habeat,
1268 2884 1357 2934 hoc
1397 2880 1619 2943 maxime
1630 2880 1929 2949 indignatur,
1988 2886 2115 2948 quod
2158 2899 2209 2931 se
2258 2891 2348 2930 tam
2393 2885 2468 2930 vel

233 2985 452 3044 ignavum
486 2979 561 3024 vel
593 2977 780 3030 stultum
811 2991 916 3023 esse
952 2981 1079 3038 putet
1114 2970 1178 3035 (v.
1202 2944 1353 3032 536.),
1391 2977 1440 3017 ut
1474 2971 1716 3018 consilium
1753 2971 1886 3021 facile
1912 2970 1971 3017 ad
2008 2969 2183 3016 exitum
2212 2967 2466 3064 perducere

232 3066 393 3130 possit.
466 3064 530 3110 Ita
573 3062 662 3109 nisi
698 3061 758 3108 de
799 3075 850 3108 se
893 3055 1199 3109 existimaret,
1246 3042 1384 3101 nihil
1406 3052 1605 3101 scilicet
1627 3053 1858 3113 ejusmodi
1896 3053 2002 3112 eum
2042 3056 2275 3116 ausurum.
2310 3049 2465 3094 Haec

232 3163 371 3202 vero,
424 3159 562 3208 quam
598 3144 885 3206 suspicatur,
930 3142 1139 3203 ignaviae
1176 3139 1252 3186 vel
1287 3138 1503 3194 stultitiae
1534 3138 1695 3201 opinio
1730 3136 1902 3193 homini
1936 3124 2228 3208 sagacitatem
2258 3112 2390 3181 suam
2421 3138 2466 3179 et

206 3401 312 3476 x
