2652 3476
1182 143 1488 191 ...7-

221 293 408 346 ceteris,
442 303 552 338 esse
573 284 868 333 videbuntur.
938 276 1440 339 Primumueniquuod
1474 277 1523 322 in
1557 288 1643 322 sua
1676 274 1875 336 quisque
1908 271 2148 320 hominnm
2175 273 2453 334 tragicorum

226 371 653 431 fortunavitaequ'e‘
678 367 940 416 conditione
973 364 1289 416 constituitur,
1330 362 1423 408 fato
1456 352 1695 415 tribuit'ur3
1731 365 1828 406 tum
1861 370 1977 405 vero
1990 390 2004 411 ,
2040 370 2132 418 qua
2159 357 2338 404 ratione
2371 369 2455 403 sua

223 461 423 523 quisque
451 455 631 503 fortuna
665 458 846 506 utatur,
883 453 978 512 quo
1006 448 1151 497 modo
1181 446 1311 495 „vivat
1345 458 1515 506 resque
1549 448 1700 505 gerat,
1743 456 1839 490 non
1871 441 2058 490 aliunde
2092 441 2183 489 nisi
2217 455 2281 489 ex
2310 440 2455 503 ipsius

225 544 480 592 voluntate,
503 536 798 597 consiliisque
854 535 1054 598 pendet.¹
1125 533 1229 579 Non
1270 528 1436 576 eadem
1479 541 1594 574 vero
1637 527 1842 572 omnium
1898 526 2103 580 fortuna,
2155 538 2250 572 non
2292 522 2457 571 eadem

227 623 352 675 vitae
385 622 588 671 conditio
623 626 716 673 est,
766 618 867 666 sed.
883 625 936 666 ut
967 619 1068 665 aliis
1105 617 1225 664 latus
1262 617 1386 678 patet
1429 623 1620 673 campus
1633 642 1646 663 ‚
1691 608 1740 654 in
1781 620 1876 681 qno
1922 607 2068 655 libere
2101 611 2327 669 vagentur
2369 618 2457 653 nec

227 718 383 757 tamen
417 707 551 752 facile
587 694 846 756 offendant,
860 701 863 703 ’
879 702 940 748 ita
973 701 1055 748 alii.
1084 702 1132 747 in
1164 707 1259 746 tam
1287 687 1540 755 'angustum
1572 691 1780 739 conclusi
1813 697 1921 738 sunt
1953 690 2246 743 curriculum,
2282 695 2334 734 ut
2367 688 2457 734 nisi

226 787 579 854 diligentissime
602 789 883 834 caveant-et
914 782 1173 837 attendant,
1221 780 1373 828 statim
1405 777 1467 825 de
1500 782 1626 825 recta
1655 775 1848 836 regione
1880 775 2125 824 deflectant
2160 782 2206 822 et
2241 774 2289 821 in
2323 786 2456 836 prae·

228 890 341 940 ceps
375 879 523 923 ruant.
594 866 719 919 Haec
752 883 858 917 cum
887 868 1135 916 multorum
1161 864 1414 913 hominum'
1432 861 1710 932 tragicorum
1742 865 1841 907 tum
1878 859 2082 906 maxime
2116 858 2282 920 Oedipi
2315 859 2458 905 fortu-

229 971 293 1008 na
324 963 426 1016 est3
473 967 594 1019 quae
626 950 719 1016 quo
767 950 966 1013 iniquior
996 948 1207 1004 videtur,
1250 961 1309 997 eo
1354 943 1502 1007 magis
1535 958 1617 998 ea,
1668 952 1788 1004 quae
1830 941 1896 991 illi
1933 942 2222 991 committunt
2262 949 2462 990 excusa:

229 1042 402 1090 tionem
443 1038 647 1092 habent,
691 1028 752 1082 et'
770 1033 995 1097 quidquid
1023 1034 1202 1098 poenae
1243 1029 1484 1079 ferendum
1518 1033 1618 1084 est,
1661 1026 1978 1077 misericordia
2011 1026 2202 1088 dignum
2233 1040 2341 1075 esse
2375 1039 2459 1088 pu-

229 1131 365 1172 tatur.
431 1122 623 1171 Accedit
666 1107 713 1167 in
750 1118 952 1180 Oedipo,
978 1116 1131 1179 'quod
1173 1116 1231 1163 iis
1272 1113 1539 1177 parentibus
1581 1116 1718 1158 natus
1759 1116 1861 1165 est,
1911 1116 1963 1158 ut
2003 1109 2184 1158 indoles
2229 1107 2460 1172 quaedam

229 1200 606 1269 intemperantiae
640 1212 686 1251 et
719 1199 1022 1251 confidentiae
1052 1204 1107 1249 in
1122 1202 1293 1248 >§nimo
1327 1198 1430 1257 ejus
1463 1210 1571 1242 esse
1605 1195 1754 1257 putari
1787 1194 1946 1256 possit.
2017 1193 2069 1240 Id
2103 1206 2289 1254 quoque
2324 1193 2375 1241 si.
2398 1192 2460 1239 ad

230 1288 354 1335 illam
388 1288 469 1334 fati
502 1288 620 1340 vim,
670 1300 789 1347 quae
818 1286 866 1331 in
896 1298 955 1331 eo
989 1283 1216 1337 cernitur,
1267 1280 1504 1333 retuleris,
1553 1292 1608 1325 ea
1621 1312 1634 1332 ,
1676 1292 1797 1340 quae
1838 1277 2014 1324 nefarie
2059 1276 2315 1330 commisit,
2366 1289 2461 1322 non

229 1369 406 1418 eodem.
430 1369 625 1429 quidem
653 1367 812 1414 omnia,
828 1366 976 1412 vmodo
991 1398 1004 1419 ,
1041 1372 1178 1428 poeta
1211 1364 1272 1410 ad
1305 1363 1450 1426 ipsius
1485 1361 1677 1408 consilia
1711 1373 1960 1406 revocasse
1993 1358 2191 1406 videtur.

366 1452 466 1498 Hoc
498 1448 615 1498 v'ero
659 1445 813 1512 ipsum
849 1446 1034 1509 siquis
1080 1447 1362 1507 argumentis
1394 1460 1423 1492 e
1457 1444 1608 1490 fabula
1642 1443 1795 1505 petitis
1828 1442 2027 1505 probare
2062 1448 2274 1495 conatur,
2319 1440 2461 1489 vehe-

230 1534 429 1578 menter,
446 1526 776 1588 obloquuntur.
841 1528 894 1576 ld
933 1527 1010 1590 agi
1054 1529 1181 1589 ajunt
1190 1544 1213 1584 ,²
1249 1534 1300 1576 ut
1341 1521 1462 1590 qnae
1502 1526 1707 1589 Oedipus
1744 1527 2051 1581 commiserit,
2092 1524 2358 1589 aperiantur
2398 1531 2460 1579 et,

228 1611 314 1672 qui
343 1611 446 1672 ipse
478 1610 538 1656 sit
570 1607 865 1670 intelligam-3
894 1610 948 1655 in
967 1610 1172 1671 quibus,
1198 1609 1320 1666 ‚dum
1345 1616 1570 1672 agantur,
1606 1610 1647 1658 si
1673 1610 1787 1671 quid
1819 1611 1921 1674 ipse
1953 1610 2170 1657 ferociter
2187 1644 2201 1664 ,
2237 1608 2462 1657 iracunde

230 1695 371 1758 impie
407 1694 571 1754 jactet,
622 1692 672 1740 id
715 1707 822 1741 esse
857 1690 1114 1754 ejusmodi,
1145 1700 1210 1742 ut
1249 1700 1296 1743 et
1340 1694 1490 1758 possit
1529 1699 1577 1742 et
1609 1692 1778 1742 debeat
1824 1693 2066 1751 excusari3
2114 1706 2324 1742 summae
2354 1706 2462 1741 esse

231 1775 506 1840 iniquitatis,
549 1779 592 1825 si
626 1779 731 1839 quis
764 1774 990 1840 postulet,
1034 1775 1086 1823 ut'
1117 1778 1218 1840 ipse
1236 1778 1301 1827 =iu
1337 1777 1600 1823 tristissima
1633 1775 1844 1822 fortunae
1876 1776 2235 1827 commutatione
2269 1788 2464 1838 gravem

229 1863 356 1909 illam
370 1863 647 1924 ,Stoicorum
682 1874 929 1923 personam
968 1866 1168 1916 tueatur3
1218 1861 1407 1909 minime
1452 1875 1568 1908 vero
1607 1860 1813 1907 omnium
1853 1860 1901 1905 in
1942 1858 2015 1907 his
2055 1859 2271 1907 omnibus
2318 1873 2464 1908 unum

155 1969 159 1972 ·
230 1945 404 2006 aliquid
437 1960 545 1993 esse
559 1980 572 2000 ,
604 1945 731 2007 quod
762 1959 950 1993 causam
979 1944 1231 2004 facinorum
1271 1947 1415 1992 multo
1449 1953 1558 2012 ante*
1589 1945 1945 1992 commissorum
1979 1943 2028 1989 in
2050 1940 2216 2005 ‘ipsum
2248 1945 2463 1991 conferre

230 2027 504 2090 culpamque
538 2026 751 2076 derivare
785 2027 919 2075 sinat.
989 2027 1130 2075 Recte
1154 2025 1280 2076 haec
1312 2028 1540 2092 disputata
1579 2043 1687 2076 esse
1720 2033 1947 2091 putamus,
1991 2026 2077 2075 sed
2110 2037 2205 2074 non
2240 2042 2304 2075 ex
2335 2028 2463 2075 omni

227 2115 372 2174 parte.
435 2109 606 2158 Verum
648 2110 836 2171 quidem
872 2116 972 2164 est,
1019 2123 1074 2157 ea
1088 2145 1102 2164 ,
1133 2124 1257 2171 quae
1299 2112 1348 2158 in
1387 2111 1472 2160 hac
1501 2112 1601 2173 ipsa
1634 2110 1790 2157 fabula
1817 2110 1942 2157 dicat
1977 2115 2024 2156 et
2057 2115 2189 2169 agat,
2245 2111 2463 2157 excusari

230 2191 319 2241 nec
357 2190 518 2239 haberi
561 2190 647 2254 pro
681 2200 821 2240 causa
855 2192 1109 2242 facinorum
1151 2194 1294 2242 multo
1335 2201 1442 2242 ante
1457 2199 1783 2261 *patratorum3
1830 2191 1917 2239 sed
1950 2190 2039 2239 hoc
2073 2193 2333 2253 quaeritur,
2378 2208 2462 2242 vo·

231 2276 429 2325 lueritne
477 2280 615 2339 poeta
665 2286 746 2329 ea,
799 2287 940 2336 quam
982 2274 1160 2339 Oedipo
1199 2278 1390 2332 tribuat,
1451 2291 1650 2340 persona
1688 2276 1926 2324 declarare
1970 2277 2206 2336 ingenium
2261 2276 2462 2325 hominis

230 2359 367 2422 quale
399 2358 561 2413 fuerit,
581 2364 631 2406 ut
662 2356 780 2406 haec
793 2379 798 2387 v
811 2358 937 2413 vitia,
973 2361 1095 2421 quae
1112 2376 1245 2409 ⁴nunc
1270 2362 1325 2409 vin
1357 2376 1416 2424 eo
1450 2360 1855 2424 deprehendimus,
1891 2360 1993 2419 ejus
2028 2361 2214 2423 propria
2245 2368 2293 2408 et
2326 2375 2462 2424 praef

226 2442 362 2506 cipua
406 2456 514 2491 esse
557 2444 808 2502 statuamus
845 2440 1048 2503 indeque
1099 2448 1312 2504 tanquam
1347 2459 1376 2493 e
1418 2446 1545 2494 fonte
1584 2460 1670 2494 suo
1717 2452 1934 2493 manasse
1980 2444 2135 2492 omnia
2182 2451 2370 2508 peccata
2413 2453 2462 2494 et

227 2525 508 2587 profluxisse
541 2525 744 2587 ingentia
779 2524 856 2572 illa
887 2525 1006 2572 mala
1039 2525 1361 2587 intelligamus.
1413 2519 1526 2578 'Hoc
1560 2535 1608 2577 et
1645 2529 1929 2586 admirabilis
1970 2527 2152 2576 fabulae
2186 2530 2459 2593 compositio

224 2613 272 2654 et
302 2606 546 2657 artificiosa
579 2607 864 2669 singularum
887 2608 1083 2671 partium
1101 2612 1357 2660 exornatio
1395 2613 1463 2661 ita
1500 2617 1747 2669 monstrat,
1795 2619 1846 2661 ut
1888 2619 2025 2677 poeta
2053 2611 2144 2662 hoc
2178 2613 2381 2662 maxime
2412 2621 2460 2662 et

226 2692 521 2741 contendisse
566 2699 615 2740 et
660 2692 873 2740 effecisse
912 2692 1142 2756 putandus
1185 2695 1269 2749 sit,
1318 2695 1367 2742 id
1400 2682 1528 2757 quod
1561 2711 1685 2745 nunc
1717 2697 1800 2751 iis,
1844 2709 1966 2758 quae
2006 2696 2066 2744 ab
2095 2710 2154 2746 eo
2184 2697 2353 2762 scripta
2398 2696 2459 2745 ad

221 2772 347 2823 hanc
378 2790 480 2824 rem
512 2777 765 2839 pertinent,
801 2776 1141 2839 persequendis
1175 2779 1529 2840 explicabimus.

321 2968 325 2975 »
372 2940 442 2991 Ac
474 2943 672 3006 primum
706 2943 893 3008 quidem
920 2944 1296 3009 perlustrabimus
1328 2947 1583 3010 prologum.
1654 2949 1707 2996 In
1737 2928 1928 2997 eossvero
1961 2955 2145 3013 poetam
2178 2947 2227 2996 id
2255 2948 2455 2996 maxime

232 3021 389 3083 egisse
410 3026 554 3082 dicas,
587 3032 646 3075 ut,
665 3030 835 3077 omnes
846 3028 1077 3093 Oedipum
1094 3029 1319 3088 „omnibus
1341 3030 1555 3079 laudibus
1577 3031 1837 3079 ornandum
1858 3046 1966 3080 esse
1987 3037 2201 3096 putarent
2227 3031 2453 3092 facileque

170 3136 172 3138 v
224 3105 408 3156 animos
450 3110 764 3175 adjungerent,
828 3113 923 3163 Eos
964 3113 1115 3173 enim,
1160 3114 1243 3177 qui
1281 3113 1344 3164 ad
1388 3115 1613 3164 auxilium
1658 3116 1760 3178 ejus
1803 3117 1852 3165 in
1884 3118 2016 3178 gravi
2062 3116 2139 3164 illa
2180 3116 2450 3179 pestilentia,

2459 3403 2652 3476 A
