2652 3476
1168 88 1507 139 „21-

224 245 395 284 vereor
437 244 497 280 ne
534 230 667 279 aliter
708 233 846 293 poeta
891 225 1191 289 judicandum
1237 240 1345 276 esse
1388 226 1598 276 voluerit.
1670 225 1726 275 Ut
1768 225 1817 276 id
1860 225 2192 289 intelligamus,
2238 237 2450 278 accurate

224 312 510 380 inspicienda
544 318 660 362 sunt·
682 325 803 376 quae
834 310 1056 378 deinceps
1082 311 1146 373 de
1172 311 1270 360 Laii
1298 310 1444 361 caede
1472 316 1767 376 exponuntur
1795 316 1843 359 et
1875 311 2099 369 maxime,
2146 325 2240 375 quo
2269 312 2372 362 loco
2404 320 2452 362 et

222 412 314 464 qua
357 397 536 447 ratione
576 396 770 447 caedem
813 396 991 445 factam·
1025 410 1132 445 esse
1190 394 1331 460 fingat
1381 402 1519 462 poeta
1532 430 1545 452 ,
1600 394 1869 444 videndum.
1963 396 2020 443 Et
2066 397 2220 445 locum
2264 397 2452 462 quidem

221 481 479 545 Aeschylus
504 481 550 542 l)
579 496 650 537 ea,
687 495 806 544 quae
839 481 1004 544 prisca
1023 481 1319 529 Boeotiorum
1350 481 1596 529 traditione
1629 487 1877 543 pervagata
1911 489 2044 529 erant
2057 516 2071 537 ,
2107 490 2294 537 tenens,
2329 483 2454 545 apud

221 563 420 620 Potnias,
456 566 687 613 inferioris
720 563 938 614 Boeotiae
973 565 1254 629 oppidulum,
1289 564 1559 613 Potniadum
1575 565 1790 621 Dearnm,
1826 565 2008 614 Cereris
2039 572 2087 614 et
2112 564 2451 629 Persephonae,

222 648 345 697 cultu
384 647 605 696 inclutum
638 663 746 697 esse
779 649 1052 712 scripserat3
1103 649 1193 710 qua
1226 662 1303 704 re,
1355 651 1498 710 quum
1530 647 1760 712 Erinnyes
1795 662 1982 711 quoque
2016 648 2264 697 Potniades
2297 648 2453 713 appel-

222 734 372 783 lentur
392 727 453 794 ²),
486 734 554 783 uti
588 737 858 797 potuerunt,
893 737 943 780 ut
976 730 1201 795 Oedipum
1234 745 1417 782 sacrum
1449 731 1784 782 Eumenidibus
1820 733 1967 783 fuisse
2001 732 2225 783 dicerent.

358 816 451 869 Sed
483 817 543 867 de
578 815 664 866 hac
694 829 746 866 re
779 814 891 864 nihil
920 821 1005 865 est.
1024 815 1147 881 apud
1170 815 1459 881 Sophoclem.
1530 818 1575 867 Is
1609 818 1734 867 enim
1767 832 1912 882 quum
1944 816 2142 866 eandem
2171 829 2271 864 rem
2307 824 2453 864 trans·

206 902 345 954 ierat*
380 902 440 952 ad
480 900 824 965 angustissimas
864 899 964 949 illas
1027 895 1237 956 „trifidae
1284 900 1532 952 Phocidis‘f
1576 903 1760 958 fauces,
1813 902 1874 950 ab
1918 901 2008 951 hoc
2051 903 2154 966 ipso
2197 901 2363 966 Oedipi
2407 908 2455 949 et

161 1031 171 1038 .
222 988 318 1035 Laii
338 980 592 1036 'concursu
629 985 826 1033 nominis
875 984 1191 1033 celebritatem
1234 991 1392 1033 nactas
1407 1019 1422 1040 ,
1478 986 1603 1033 aliud
1646 1000 1754 1033 eum
1799 986 2043 1034 consilium
2086 992 2300 1033 secutum
2342 998 2452 1033 esse

221 1072 497 1136 putabimus.
566 1069 755 1119 Videtur
788 1073 941 1116 autem
981 1066 1078 1116 hoc
1114 1068 1283 1122 fuisse,
1331 1073 1381 1115 ut
1422 1068 1574 1131 statim
1616 1074 1886 1131 appareret,
1936 1082 2045 1116 eum
2095 1082 2204 1118 esse
2248 1068 2454 1116 animum

220 1156 410 1218 Oedipi,
456 1170 485 1203 a
518 1170 610 1217 quo
645 1154 716 1208 id,
758 1151 885 1213 quod
916 1152 1042 1199 Deus
1075 1149 1325 1214 Delphicus
1359 1151 1499 1200 modo
1533 1152 1851 1215 praedixerat,
1898 1153 2032 1201 facile
2065 1150 2450 1215 proficisceretur.

218 1238 286 1286 Ea
322 1240 446 1286 enim
480 1244 552 1287 est
586 1236 676 1283 loci
709 1241 894 1289 natura,
938 1240 991 1282 ut
1030 1232 1172 1282 homo
1213 1235 1350 1282 ferox
1380 1240 1427 1281 et
1469 1234 1716 1283 iracundus
1765 1235 1951 1283 obviam
1990 1235 2276 1283 venientium
2309 1235 2454 1298 impe·

218 1319 423 1369 dimento
458 1319 590 1367 facile
624 1316 799 1366 offendi
832 1323 879 1364 et
911 1317 1078 1372 lacessi
1100 1317 1312 1382 potuerit.
1380 1316 1500 1373 Quid
1520 1332 1634 1366 vero
1655 1317 1717 1367 de
1751 1334 1803 1368 re
1838 1319 1937 1382 ipsa
1972 1325 2044 1367 est
2076 1318 2200 1382 apud
2233 1318 2456 1383 poetam?

217 1402 353 1452 Redit
383 1403 588 1467 Oedipus
619 1399 807 1464 Delphis
840 1400 943 1448 diro
984 1401 1062 1449 illo
1091 1400 1152 1449 de
1185 1401 1453 1464 parentibus
1475 1403 1663 1466 'oraculi
1696 1416 1923 1466 responso
1961 1409 2166 1466 accepto,
2212 1401 2354 1464 idque
2388 1415 2448 1449 eo

218 1478 412 1527 consilio
426 1510 439 1532 ,
486 1490 536 1525 ut
571 1483 861 1534 Corinthum,
896 1497 1035 1541 quam
1065 1484 1252 1542 putabat
1285 1496 1415 1528 suam
1451 1498 1558 1531 esse
1589 1487 1807 1547 patriam„
1851 1487 2044 1547 fugeret.
2114 1485 2290 1534 Incedit
2322 1485 2453 1549 pedi-

217 1560 306 1609 bus
334 1575 418 1623 per
451 1561 553 1608 illas
597 1562 781 1614 fauces,
830 1555 1048 1608 'occurrit‘
1074 1562 1210 1610 Laius
1243 1562 1436 1611 Daulide
1470 1571 1521 1611 ut
1553 1562 1738 1613 videtur
1771 1582 1908 1614 curru
1942 1575 2120 1617 vectus.
2199 1569 2290 1624 Qui
2322 1569 2450 1631 quod

218 1655 313 1698 non
346 1641 408 1690 de
430 1642 506 1689 via
540 1641 742 1690 deflectit
774 1646 821 1688 et
851 1642 1017 1705 ipsum,
1055 1649 1104 1691 ut
1132 1642 1257 1699 dicit,
1291 1658 1375 1707 per
1399 1645 1495 1693 vim
1528 1645 1758 1697 decedere
1793 1650 1931 1712 cogit,
1973 1665 2059 1714 per
2092 1651 2210 1707 iram
2242 1652 2453 1714 aurigam

216 1727 439 1791 percutit,
494 1733 591 1775 tum
642 1740 827 1775 currum
869 1726 1178 1789 praeteriens,
1226 1741 1368 1789 quum
1401 1742 1430 1775 a
1467 1744 1579 1791 rege
1626 1732 1823 1781 stimulis
1857 1740 2064 1797 petatur,
2116 1742 2164 1783 et
2207 1715 2360 1799 ipsum
2404 1743 2453 1785 et

217 1824 381 1858 omnes
416 1810 609 1858 comites
641 1809 851 1858 trucidat.
922 1810 1016 1858 Hac
1050 1811 1097 1857 in
1131 1824 1184 1858 re
1219 1811 1371 1859 minus
1405 1812 1503 1860 fere
1537 1814 1741 1862 notabile
1771 1822 1912 1877 atque
1954 1817 2136 1878 insigne
2173 1825 2274 1874 est,
2321 1819 2452 1881 quod

216 1907 356 1942 caeca
390 1895 541 1942 statim
570 1895 638 1942 ira
670 1896 903 1957 animique
936 1896 1203 1958 impotentia
1236 1896 1466 1969 aufertur,
1502 1911 1641 1958 quam
1674 1899 1801 1960 quod
1836 1900 1975 1948 etiam
2010 1908 2108 1949 tum
2121 1936 2135 1957 ,
2170 1917 2316 1964 quum
2350 1903 2452 1967 ipse

214 1976 330 2026 haec
352 1985 519 2033 narrat,
554 1979 791 2039 graviores
820 1994 970 2042 aequo
998 1985 1046 2029 et
1080 1979 1245 2028 merito
1272 1992 1446 2042 poenas
1459 1978 1576 2028 'illos
1600 1979 1804 2038 dedisse,
1839 1981 1928 2033 hoc
1949 1990 2022 2033 est
2046 1985 2272 2042 sensisse,
2308 2002 2466 2050 quem,

214 2058 531 2114 lacessissent,
583 2068 741 2123 aperte
787 2060 1035 2123 profitetur.
1106 2062 1268 2121 Neque
1302 2068 1476 2109 temere
1509 2069 1646 2123 poeta
1679 2064 1725 2110 ei
1758 2062 1883 2113 hunc
1916 2067 2212 2126 ingenuitatis
2240 2066 2448 2119 colorem

214 2139 414 2196 inducit3
473 2143 533 2186 ita
575 2144 704 2190 enim
746 2145 924 2199 omnia,
971 2159 1064 2206 quo
1115 2143 1254 2192 modo
1302 2144 1493 2193 caedem
1543 2146 1619 2194 ille
1664 2147 1851 2203 fecerit,
1900 2157 2172 2200 monstrant.
2245 2152 2449 2203 Primum

214 2223 340 2272 enim
384 2229 583 2284 quantae
627 2226 915 2284 arrogantiae
962 2230 1009 2273 et
1058 2223 1303 2288 superbiae
1346 2233 1414 2275 est
1470 2228 1703 2290 postulare
1719 2266 1732 2285 ,
1794 2237 1844 2279 ut
1897 2247 2062 2282 currus
2112 2223 2203 2284 sibi
2251 2236 2449 2288 decedat

214 2305 354 2367 idque
388 2308 435 2355 in
470 2308 527 2356 iis
560 2308 762 2356 maxime
795 2307 1049 2370 angustiis?
1084 2316 1281 2372 quantae
1315 2309 1576 2360 iracundiae
1612 2327 1741 2369 eum,
1789 2314 1870 2377 qui
1903 2316 2156 2379 postulata,
2192 2328 2446 2384 antequam

214 2388 391 2450 prolata
424 2396 557 2446 sunt,
601 2391 754 2440 facere
785 2392 1008 2453 negligat,
1055 2393 1287 2443 caedere?
1354 2395 1469 2441 Nam
1499 2395 1625 2457 quod
1660 2412 1712 2446 se
1746 2413 1831 2462 per
1866 2401 1961 2449 vim
1993 2401 2056 2452 de
2091 2404 2168 2452 via
2203 2413 2448 2457 extrusum

214 2484 321 2519 esse
350 2471 460 2520 dicit
483 2471 529 2533 3)
544 2508 558 2528 ,
608 2474 656 2522 id
689 2488 782 2522 non
829 2475 1056 2536 ejusmodi
1105 2491 1211 2526 esse
1253 2486 1466 2543 apparet,
1511 2487 1561 2528 ut
1601 2482 1723 2531 malo
1761 2485 1954 2534 consilio
2002 2495 2049 2536 et
2085 2504 2191 2540 cum
2227 2493 2445 2557 superbia

258 2627 294 2670 1)
348 2628 463 2663 Schol.
487 2630 534 2663 ad
559 2630 666 2673 soph.
692 2631 777 2665 Oed.
800 2633 878 2675 Reg.
905 2631 992 2666 ⁷33:
1026 2649 1059 2657 —
1087 2631 1216 2679 ἔπῇμεν
1236 2634 1301 2679 τῆς
1324 2632 1411 2669 ὁδοῦ
1434 2636 1654 2683 τροχήλατον

380 2710 382 2713 v
574 2694 714 2738 σχιστῆς
736 2692 909 2729 κελεύθου
932 2693 1089 2741 colothe,
1112 2694 1206 2730 aaa
1228 2696 1407 2739 συμβολάς

568 2756 673 2803 epo&
696 2754 872 2792 uzeda-v
892 2754 1100 2792 nomia„
1121 2755 1316 2805 ἢμεὶβομεν.

252 2813 287 2855 2)
345 2818 385 2852 0.
409 2817 554 2853 ΙίυοΙΙα·
576 2818 624 2853 ad
645 2819 772 2855 Aesch.
796 2819 897 2855 Eum,
919 2829 955 2864 p.
982 2820 1060 2856 1⁷6.
1247 2864 1253 2870 ,

251 2876 287 2920 ³)
344 2888 378 2914 v.
403 2878 493 2916 8⁰4:
528 2876 762 2926 ξυνηκὸαζον,
786 2877 851 2920 ιιᾶε
874 2877 958 2917 ὁδοῦ
980 2878 1014 2923 μ’
1041 2878 1062 2917 ὅ
1085 2877 1122 2917 θ’
1149 2879 1285 2929 {yrun-'v

523 2939 630 2981 αὐτὸς
653 2940 690 2977 δ’
718 2938 739 2979 ὃ
762 2942 913 2991 apinam.-
934 2941 1025 2990 πρὸς
1044 2943 1128 2989 filu
1148 2942 1359 2993 ἧλαυνῦεην·

522 3001 618 3046 adr-*n
640 3002 702 3039 τὸν
723 3004 934 3053 turpiam-ra
954 3004 1016 3042 τὸν
1036 3007 1258 3056 epomidem

524 3066 619 3102 ndo
641 3064 693 3103 δι’
714 3064 831 3115 ὀργῆς.
857 3082 887 3104 ιι.
910 3080 944 3105 τ.
967 3070 1001 3105 2.
