2652 3476
352 295 504 360 Atque
548 296 779 359 principes
825 296 1046 351 civitatis,
1093 294 1175 357 qui
1223 293 1353 343 chori
1404 300 1558 358 partes
1603 293 1883 342 sustinentes
1926 291 2049 340 Deos
2093 291 2154 340 ad
2189 292 2442 340 avertenda

218 381 337 429 mala
370 381 613 433 invocant,
650 379 752 442 ipse
784 377 1020 428 confirmat
1035 374 1118 441 ‚(v.
1149 376 1248 428 214
1285 374 1438 442 seqq.)
1455 412 1467 432 ,
1516 376 1651 425 facile
1684 376 1887 425 futurum
1901 412 1914 432 ,
1949 375 2076 439 quod
2110 376 2325 439 precibus
2360 391 2441 425 ex-

217 469 389 528 petant,
425 463 467 511 si
498 463 668 523 justam
701 476 889 526 operam
915 463 1012 511 suis
1050 462 1257 514 consiliis
1288 460 1539 522 adjungere
1574 460 1732 509 velint.
1802 459 1938 515 Quod
1971 472 2086 507 vero
2110 462 2224 506 'eam
2255 472 2442 522 operam

219 553 462 612 propterea
496 546 838 613 deposcenda'm
871 556 979 597 esse
994 573 998 578 ·
1012 554 1169 612 putat,
1213 546 1356 610 q'uod'
1371 545 1558 607 ignarus
1593 544 1653 591 sit
1686 543 1755 591 rei
1795 543 1899 604 jure
1932 542 2262 605 exsequendae
2275 578 2286 598 ‚
2333 558 2442 591 con·

222 630 451 697 fidentiae,
468 631 620 677 illi‘et·
641 631 809 682 nimiae
843 631 904 677 de
933 632 1175 693 prudentia
1209 638 1295 678 sua
1328 629 1533 691 opinioni
1563 628 1819 674 tribuemus
1844 627 1900 690 1).
1971 628 2149 675 Deinde
2185 628 2264 674 ubi
2298 628 2443 674 omni-

218 713 334 767 bus,
400 719 451 761 ut
488 718 730 763 >auctores
763 774 770 781 ἡ
794 715 1018 762 facinoris.
1063 715 1265 780 indicent-
1282 749 1295 769 ,
1348 713 1489 760 edicit
1545 718 1592 759 et
1646 711 1857 766 mandat,
1922 711 2035 758 satis
2101 710 2269 757 leniter
2321 710 2441 770 agit3

219 795 539 845 vehementius
568 808 682 848 vero
716 804 1052 852 commovetur,
1103 813 1245 859 quum
1280 799 1359 853 iis,
1408 798 1489 859 qui
1522 798 1742 859 imperata
1781 811 1874 843 non
1909 797 2103 849 faciant,
2153 808 2328 857 poenas
2362 793 2444 841 de-

221 880 412 927 nuntiat.
482 880 608 937 Quos
639 880 764 942 quod
809 881 873 930 ab·
902 882 1027 928 omni
1071 881 1215 929 divini
1258 890 1304 929 et
1326 921 1330 924 .
1351 883 1540 930 humani
1584 882 1700 942 J'uris
1736 880 2013 928 commercio
2050 878 2283 932 excludit,
2333 891 2443 924 con-

219 964 462 1013 suetudine
492 963 680 1025 quidem
713 971 760 1015 et
785 965 875 1012 'rite
909 965 1028 1019 facit,
1064 972 1112 1013 et
1143 966 1269 1026 quod
1303 967 1530 1029 sibiipsi,
1567 967 1608 1013 si
1641 965 1855 1013 conscius
1885 970 1932 1010 et
1964 961 2115 1009 affinis
2146 962 2338 1009 facinori
2369 961 2442 1012 sit,

144 1105 149 1108 ᾖ
219 1046 344 1095 idem
391 1046 665 1108 imprecatur
679 1081 692 1101 ‚
741 1047 1011 1107 gravissime
1053 1055 1100 1095 et
1140 1049 1437 1098 acerbissime
1480 1050 1658 1111 piacula
1705 1063 1759 1095 se
1797 1054 2070 1095 exacturum
2104 1061 2212 1094 esse
2262 1044 2442 1107 probat.

220 1130 312 1179 Sed
347 1130 484 1178 etiam
510 1128 599 1181 hoc
642 1129 744 1177 loco
760 1164 773 1184 ,
803 1136 882 1184 sut·
897 1130 1239 1194 imprudentem
1267 1139 1318 1180 vet
1352 1131 1549 1179 inscium
1577 1145 1686 1178 eum
1718 1129 1818 1178 dira
1849 1129 2022 1190 jactare
2057 1129 2291 1176 mittamus
2306 1162 2317 1181 ‚
2364 1141 2443 1174 cu-

219 1214 374 1277 pidius
395 1219 456 1261 :et
489 1212 766 1270 iracundius,
800 1213 927 1274 quod
956 1212 1067 1276 ipse
1090 1216 1182 1263 sibi
1215 1196 1477 1280 proposuit,
1515 1216 1720 1279 perfer-‘re
1755 1221 1958 1263 conatur.
2027 1213 2131 1261 Non
2160 1212 2271 1260 satis
2304 1210 2445 1258 habet

220 1311 292 1352 ea,
321 1309 440 1358 quae
473 1298 599 1345 Deus
630 1298 768 1357 jussit
802 1309 1047 1359 peragere,
1084 1299 1168 1349 sed
1201 1300 1283 1346 toti
1316 1300 1618 1347 Cadmeorum
1652 1299 1778 1359 genti
1812 1299 2008 1345 ultorem
2042 1311 2095 1344 se
2128 1298 2227 1343 fore
2262 1293 2443 1357 profite-

219 1388 291 1428 tur
315 1382 611 1443 'saepiusque
654 1382 715 1427 ita
767 1381 857 1428 sibi
899 1381 991 1442 ipsi
1024 1378 1359 1429 consulendum
1394 1387 1501 1430 e‘sse
1537 1382 1813 1428 inaudimus.
1882 1381 2117 1440 Tanquam
2148 1392 2244 1424 non
2276 1376 2445 1423 violata

219 1463 428 1508 Deorum?
454 1463 783 1522 hominumque
814 1463 932 1521 jura·
946 1464 1250 1522 exsequenda
1285 1466 1391 1516 sint,
1427 1464 1514 1510 sed
1547 1478 1659 1511 suus
1683 1463 1818 1510 dolor
1851 1463 1899 1507 in
1932 1462 2004 1514 iis,
2040 1461 2121 1521 qui
2153 1459 2317 1515 edictis
2352 1472 2444 1505 non

219 1549 433 1607 pareant,
448 1543 783 1611 ¹&vindicandus
797 1554 802 1559 ·
818 1544 900 1598 sit,
940 1545 1003 1591 ita
1035 1544 1232 1593 minatur
1248 1579 1263 1600 ,
1313 1547 1375 1593 ita
1419 1545 1598 1593 furialia
1633 1544 1933 1592 detestandae
1958 1543 2096 1605 stirpi
2125 1542 2445 1590 reluctantium

220 1627 475 1689 composita·
520 1627 768 1688 expromit..
825 1652 828 1655 ⁴
861 1627 938 1673 Eo·
984 1629 1214 1693 pertinent
1262 1630 1482 1692 repetitae
1527 1630 1870 1689 exsecrationes
1921 1625 1997 1691 (v.
2041 1627 2156 1675 246.
2194 1623 2345 1691 269.)
2396 1632 2445 1672 et

219 1711 421 1759 maxime
451 1710 527 1756 illa
541 1710 775 1759 orationis
805 1710 1037 1757 contentio
1068 1711 1157 1758 sibi
1191 1712 1417 1760 interfecti
1437 1714 1571 1774 regis
1591 1699 1866 1761 ‘successori
1889 1718 2102 1759 auctores
2125 1711 2284 1759 caedis
2305 1710 2444 1757 etiam

219 1803 303 1843 sna
337 1807 477 1842 causa
512 1792 817 1844 ulciscendos·
842 1802 949 1841 esse
979 1794 1215 1842 clamantis
1250 1793 1314 1859 (v.
1345 1799 1460 1847 237.
1493 1799 1607 1846 253.
1643 1799 1742 1847 258
1777 1796 1930 1861 seqq.)
2001 1790 2300 1860 Impotentius
2335 1811 2445 1842 eum

218 1884 266 1924 et
294 1865 711 1938 ‚intemperantius
749 1875 902 1935 egisse
950 1875 1118 1925 chorus
1162 1880 1320 1934 sentit,
1379 1883 1464 1930 sed
1520 1883 1729 1930 modeste
1784 1882 1957 1928 tantum
2005 1887 2232 1940 cauteque
2287 1885 2445 1925 monet

221 1958 291 2021 (vt
319 1958 419 2012 274
455 1956 577 2022 seq.)
596 1993 609 2014 ,
653 1958 877 2022 Apollinis
926 1961 1069 2010 fuisse
1084 1995 1097 2015 ,
1143 1961 1222 2022 qui
1256 1972 1410 2013 essent
1446 1966 1597 2019 noxii,
1646 1965 1864 2012 indicare.
1935 1962 2171 2011 Consentit
2207 1962 2332 2024 ipse,
2382 1962 2445 2008 ita

219 2057 357 2098 vero,
400 2050 478 2098 ut,
527 2053 620 2105 quo
653 2043 714 2091 ad
742 2043 1037 2105 aperiendam
1069 2045 1170 2105 ejus
1208 2053 1416 2094 naturam
1456 2047 1577 2101 ,nihil
1612 2047 1818 2108 argutius
1851 2052 1898 2093 et
1943 2043 2275 2105 significantius
2319 2044 2445 2103 cogi-

221 2126 307 2173 tari
341 2132 517 2188 potest,
551 2141 667 2177 ,cum
699 2126 854 2188 aliquo·
886 2126 1028 2176 animi
1060 2124 1220 2178 dolore
1267 2145 1361 2179 non
1396 2146 1534 2194 posse
1574 2131 1678 2192 cogi
1709 2129 1832 2178 Deos
1846 2164 1859 2185 ,
1902 2129 2029 2191 quod
2062 2129 2238 2182 nolint,
2288 2127 2445 2176 facere

223 2213 465 2272 queratur.v
1157 2257 1159 2259 ,
1235 2222 1239 2225 ·
1529 2256 1532 2258 .

208 2357 211 2360 ι
314 2292 407 2340 Sed
425 2291 521 2351 jam
544 2292 839 2353 pervenimus
863 2293 923 2340 ad
949 2308 1055 2343 eum
1079 2295 1232 2343 locum
1255 2293 1320 2360 (v.
1341 2295 1659 2355 auo—462),
1688 2296 1770 2343 ubi
1789 2296 1990 2355 gliscens
2009 2293 2162 2342 adhuc
2188 2295 2329 2341 animi
2355 2295 2445 2342 fer·

221 2392 308 2425 vor
330 2383 376 2424 et
396 2376 601 2424 tenebris
619 2382 737 2424 tecta
757 2377 990 2425 iracundia
1017 2385 1234 2441 erumpat.
1305 2380 1454 2434 Quum
1475 2379 1600 2426 enim
1620 2379 1772 2425 statim
1799 2385 2012 2426 auctores
2037 2379 2253 2426 facinoris
2273 2379 2446 2441 patera-

222 2459 376 2523 ciendi
409 2459 571 2515 edictis
601 2466 647 2507 et
680 2461 816 2509 minis
850 2470 944 2529 non
978 2470 1255 2525 magnopere
1290 2463 1468 2511 moveri
1502 2462 1806 2510 intellexisset
1840 2461 1998 2527 (296.)
2012 2499 2024 2519 ,
2060 2464 2268 2511 Creontis
2304 2477 2445 2510 suasu

222 2542 444 2591 Tiresiam
467 2543 537 2590 ⁴ad
581 2549 734 2612 partes
784 2553 951 2592 vocare
995 2551 1213 2594 statuerat
1257 2547 1384 2609 prius
1440 2559 1580 2607 quam
1622 2544 1790 2593 chorus
1834 2546 1935 2606 ejus
1982 2547 2119 2594 unius
2164 2545 2358 2593 consilio
2399 2551 2447 2592 et

224 2639 367 2689 opera
413 2625 699 2690 deprehendi
744 2638 842 2679 rem
885 2638 1022 2692 posse
1065 2629 1342 2678 ostenderet.
1412 2628 1604 2694 Accedit
1645 2629 1739 2690 jam
1771 2629 1996 2687 Tiresias3
2048 2628 2252 2692 Oedipus
2294 2629 2446 2678 bonae

273 2899 308 2940 1)
365 2895 529 2930 cernitur
550 2904 593 2930 oa
619 2897 739 2940 opInio
762 2899 838 2931 toto
862 2897 932 2932 hoc
954 2898 1043 2940 loeo,
1066 2898 1221 2932 maximo
1239 2898 1295 2932 his
1319 2895 1360 2930 οὗ
1384 2894 1457 2942 γᾶρ
1480 2895 1524 2930 ἄν
1546 2895 1686 2943 μακρὰν
1707 2896 1842 2938 ipsun·
1865 2894 1992 2940 αὐτὸς,
2023 2895 2072 2941 μὴ
2103 2894 2168 2931 οὐκ
2191 2898 2278 2938 ἔχων
2294 2909 2336 2930 τι
2360 2896 2448 2937 σύμ-

360 2957 492 3004 poton.-
522 2967 616 3001 quae
644 2959 855 3003 explicando
884 2960 1064 2995 videntur-e
1090 2958 1180 2995 ιιοιῂΙ
1197 2962 1302 3004 longo
1333 2960 1564 3004 procederem
1598 2959 1647 2993 ad
1672 2959 1977 3003 investigandum.
2017 2959 2040 2993 i.
2065 2968 2096 2993 ο.
2127 2959 2228 2993 raone
2258 2959 2447 3003 reperirem

285 3044 287 3046 -
362 3023 457 3067 ipso,
479 3020 548 3062 nisi
571 3023 731 3066 quodam
754 3023 872 3058 modo
885 3023 1093 3068 peregrinus
1111 3017 1243 3059 essem.
1289 3022 1427 3059 Dicitur
1447 3019 1621 3065 σύμβολον
1651 3020 1742 3063 ἔχειν
1769 3025 1811 3056 ut
1838 3021 1991 3068 ’σορηίδ
2017 3021 2104 3063 ἔχεις
2126 3021 2231 3056 Arist.
2254 3022 2317 3055 Av.
2345 3020 2447 3056 1213.

365 3083 550 3120 Praetu-oa
580 3084 756 3138 suspicari
783 3086 880 3129 ficet,
907 3083 1040 3130 respici
1070 3082 1156 3121 mim
1179 3081 1319 3121 ‘acu-ba
1348 3085 1506 3130 quadam
1536 3084 1766 3128 ambiguitate
1787 3082 1882 3119 ‘illud
1910 3081 2086 3126 σύμβολον
2106 3083 2229 3128 Οοᾱρί
2260 3082 2445 3127 proprium

365 3153 399 3177 v.
426 3146 526 3182 1033.
2349 3156 2352 3159 ·

1829 3208 1894 3260 2*
