<?xml version="1.0" encoding="UTF-8"?>
<!DOCTYPE html PUBLIC "-//W3C//DTD XHTML 1.0 Transitional//EN"
    "http://www.w3.org/TR/xhtml1/DTD/xhtml1-transitional.dtd">
<html xmlns="http://www.w3.org/1999/xhtml" xml:lang="en" lang="en">
 <head>
  <title>
</title>
<meta http-equiv="Content-Type" content="text/html;charset=utf-8" />
  <meta name='ocr-system' content='tesseract 3.04.00' />
  <meta name='ocr-capabilities' content='ocr_page ocr_carea ocr_par ocr_line ocrx_word'/>
</head>
<body>
  <div class='ocr_page' id='page_1' title='image "./4770988_0027.png"; bbox 0 0 2652 3476; ppageno 0'>
   <div class='ocr_carea' id='block_1_1' title="bbox 1139 173 1481 225">
    <p class='ocr_par' dir='ltr' id='par_1_1' title="bbox 1139 173 1481 225">
     <span class='ocr_line' id='line_1_1' title="bbox 1139 173 1481 225; baseline -0.012 -9"><span class='ocrx_word' id='word_1_1' title='bbox 1139 173 1481 225; x_wconf 75' lang='lat'>...17-</span> 
     </span>
    </p>
   </div>
   <div class='ocr_carea' id='block_1_2' title="bbox 203 302 2446 2207">
    <p class='ocr_par' dir='ltr' id='par_1_2' title="bbox 203 302 2438 967">
     <span class='ocr_line' id='line_1_2' title="bbox 203 302 2430 389; baseline -0.01 -14"><span class='ocrx_word' id='word_1_2' title='bbox 203 333 271 389; x_wconf 78' lang='lat' dir='ltr'><strong>(v.</strong></span> <span class='ocrx_word' id='word_1_3' title='bbox 299 323 401 375; x_wconf 67' lang='lat'><strong>914</strong></span> <span class='ocrx_word' id='word_1_4' title='bbox 431 318 603 386; x_wconf 85' lang='lat' dir='ltr'><strong>seqq.).</strong></span> <span class='ocrx_word' id='word_1_5' title='bbox 671 318 764 368; x_wconf 84' lang='lat' dir='ltr'><strong>Sed</strong></span> <span class='ocrx_word' id='word_1_6' title='bbox 791 318 905 381; x_wconf 85' lang='lat' dir='ltr'><strong>quid</strong></span> <span class='ocrx_word' id='word_1_7' title='bbox 938 323 1033 373; x_wconf 87' lang='lat' dir='ltr'><strong>est,</strong></span> <span class='ocrx_word' id='word_1_8' title='bbox 1071 314 1198 378; x_wconf 89' lang='lat' dir='ltr'><strong>quod</strong></span> <span class='ocrx_word' id='word_1_9' title='bbox 1239 312 1401 365; x_wconf 89' lang='lat' dir='ltr'><strong>metuit</strong></span> <span class='ocrx_word' id='word_1_10' title='bbox 1435 316 1483 359; x_wconf 92' lang='lat' dir='ltr'><strong>et</strong></span> <span class='ocrx_word' id='word_1_11' title='bbox 1515 307 1702 358; x_wconf 74' lang='lat' dir='ltr'><strong>horret?</strong></span> <span class='ocrx_word' id='word_1_12' title='bbox 1768 305 1873 354; x_wconf 86' lang='lat' dir='ltr'><strong>Non</strong></span> <span class='ocrx_word' id='word_1_13' title='bbox 1916 302 2081 352; x_wconf 84' lang='lat' dir='ltr'><strong>metuit</strong></span> <span class='ocrx_word' id='word_1_14' title='bbox 2116 303 2177 351; x_wconf 90' lang='lat' dir='ltr'><strong>ita</strong></span> <span class='ocrx_word' id='word_1_15' title='bbox 2191 337 2204 359; x_wconf 92' lang='lat'>,</span> <span class='ocrx_word' id='word_1_16' title='bbox 2250 309 2297 351; x_wconf 88' lang='lat' dir='ltr'><strong>ut</strong></span> <span class='ocrx_word' id='word_1_17' title='bbox 2328 303 2430 364; x_wconf 89' lang='lat' dir='ltr'><strong>ejus</strong></span> 
     </span>
     <span class='ocr_line' id='line_1_3' title="bbox 203 387 2432 468; baseline -0.011 -7"><span class='ocrx_word' id='word_1_18' title='bbox 203 404 451 463; x_wconf 69' lang='lat' dir='ltr'><strong>facinoris,</strong></span> <span class='ocrx_word' id='word_1_19' title='bbox 477 403 605 468; x_wconf 71' lang='lat' dir='ltr'><strong>quod</strong></span> <span class='ocrx_word' id='word_1_20' title='bbox 633 400 934 467; x_wconf 59' lang='lat' dir='ltr'><strong>perpetravit,</strong></span> <span class='ocrx_word' id='word_1_21' title='bbox 974 400 1208 465; x_wconf 78' lang='lat' dir='ltr'><strong>po&#39;enitea&#39;t</strong></span> <span class='ocrx_word' id='word_1_22' title='bbox 1240 395 1308 463; x_wconf 80' lang='lat' dir='ltr'><strong>(v.</strong></span> <span class='ocrx_word' id='word_1_23' title='bbox 1338 396 1438 445; x_wconf 70' lang='lat'><strong>8111</strong></span> <span class='ocrx_word' id='word_1_24' title='bbox 1467 392 1619 458; x_wconf 77' lang='lat' dir='ltr'><strong>seqq.)</strong></span> <span class='ocrx_word' id='word_1_25' title='bbox 1655 390 1740 440; x_wconf 79' lang='lat' dir='ltr'><strong>sed</strong></span> <span class='ocrx_word' id='word_1_26' title='bbox 1768 392 1989 456; x_wconf 89' lang='lat' dir='ltr'><strong>primum,</strong></span> <span class='ocrx_word' id='word_1_27' title='bbox 2020 402 2081 436; x_wconf 89' lang='lat' dir='ltr'><strong>ne</strong></span> <span class='ocrx_word' id='word_1_28' title='bbox 2111 389 2244 452; x_wconf 84' lang='lat' dir='ltr'><strong>culpa</strong></span> <span class='ocrx_word' id='word_1_29' title='bbox 2275 387 2432 437; x_wconf 85' lang='lat' dir='ltr'><strong>caedis</strong></span> 
     </span>
     <span class='ocr_line' id='line_1_4' title="bbox 203 473 2433 548; baseline -0.01 -8"><span class='ocrx_word' id='word_1_30' title='bbox 203 493 306 544; x_wconf 80' lang='lat' dir='ltr'><strong>Laii</strong></span> <span class='ocrx_word' id='word_1_31' title='bbox 329 492 376 539; x_wconf 88' lang='lat' dir='ltr'><strong>in</strong></span> <span class='ocrx_word' id='word_1_32' title='bbox 405 503 458 539; x_wconf 86' lang='lat' dir='ltr'><strong>se</strong></span> <span class='ocrx_word' id='word_1_33' title='bbox 486 487 693 537; x_wconf 85' lang='lat' dir='ltr'><strong>derivata</strong></span> <span class='ocrx_word' id='word_1_34' title='bbox 725 485 967 548; x_wconf 91' lang='lat' dir='ltr'><strong>imperium</strong></span> <span class='ocrx_word' id='word_1_35' title='bbox 995 484 1170 531; x_wconf 84' lang='lat' dir='ltr'><strong>amittat</strong></span> <span class='ocrx_word' id='word_1_36' title='bbox 1197 489 1244 529; x_wconf 90' lang='lat' dir='ltr'><strong>et</strong></span> <span class='ocrx_word' id='word_1_37' title='bbox 1268 482 1329 536; x_wconf 80' lang='lat' dir='ltr'><strong>de</strong></span> <span class='ocrx_word' id='word_1_38' title='bbox 1357 496 1421 528; x_wconf 81' lang='lat' dir='ltr'><strong>eo·</strong></span> <span class='ocrx_word' id='word_1_39' title='bbox 1445 478 1678 537; x_wconf 79' lang='lat' dir='ltr'><strong>dignitatis</strong></span> <span class='ocrx_word' id='word_1_40' title='bbox 1711 475 1858 535; x_wconf 80' lang='lat' dir='ltr'><strong>gradu</strong></span> <span class='ocrx_word' id='word_1_41' title='bbox 1872 509 1884 529; x_wconf 93' lang='lat'><strong>,</strong></span> <span class='ocrx_word' id='word_1_42' title='bbox 1922 484 2062 535; x_wconf 86' lang='lat' dir='ltr'><strong>quem</strong></span> <span class='ocrx_word' id='word_1_43' title='bbox 2097 473 2320 537; x_wconf 80' lang='lat' dir='ltr'><strong>sapientia</strong></span> <span class='ocrx_word' id='word_1_44' title='bbox 2338 483 2433 519; x_wconf 90' lang='lat' dir='ltr'><strong>-sua</strong></span> 
     </span>
     <span class='ocr_line' id='line_1_5' title="bbox 210 556 2434 636; baseline -0.009 -14"><span class='ocrx_word' id='word_1_45' title='bbox 210 576 524 636; x_wconf 71' lang='lat' dir='ltr'><strong>consequutus</strong></span> <span class='ocrx_word' id='word_1_46' title='bbox 576 582 682 620; x_wconf 82' lang='lat' dir='ltr'><strong>esse</strong></span> <span class='ocrx_word' id='word_1_47' title='bbox 729 566 934 622; x_wconf 79' lang='lat' dir='ltr'><strong>videtur,</strong></span> <span class='ocrx_word' id='word_1_48' title='bbox 982 564 1221 627; x_wconf 79' lang='lat' dir='ltr'><strong>dejiciatur</strong></span> <span class='ocrx_word' id='word_1_49' title='bbox 1263 559 1343 627; x_wconf 84' lang='lat' dir='ltr'><strong>(cf</strong></span> <span class='ocrx_word' id='word_1_50' title='bbox 1379 579 1426 610; x_wconf 84' lang='lat' dir='ltr'><strong>v.</strong></span> <span class='ocrx_word' id='word_1_51' title='bbox 1463 560 1577 610; x_wconf 76' lang='lat'><strong>658.</strong></span> <span class='ocrx_word' id='word_1_52' title='bbox 1616 560 1715 608; x_wconf 87' lang='grc'><strong>668</strong></span> <span class='ocrx_word' id='word_1_53' title='bbox 1747 556 1900 620; x_wconf 82' lang='lat' dir='ltr'><strong>seqq.)</strong></span> <span class='ocrx_word' id='word_1_54' title='bbox 1919 592 1931 611; x_wconf 92' lang='lat'><strong>,</strong></span> <span class='ocrx_word' id='word_1_55' title='bbox 1978 557 2151 611; x_wconf 89' lang='lat' dir='ltr'><strong>deinde</strong></span> <span class='ocrx_word' id='word_1_56' title='bbox 2184 570 2298 603; x_wconf 86' lang='lat' dir='ltr'><strong>vero</strong></span> <span class='ocrx_word' id='word_1_57' title='bbox 2313 589 2325 610; x_wconf 93' lang='lat'><strong>,</strong></span> <span class='ocrx_word' id='word_1_58' title='bbox 2374 570 2434 602; x_wconf 93' lang='lat' dir='ltr'><strong>ne</strong></span> 
     </span>
     <span class='ocr_line' id='line_1_6' title="bbox 203 640 2434 718; baseline -0.009 -14"><span class='ocrx_word' id='word_1_59' title='bbox 203 655 452 718; x_wconf 84' lang='lat' dir='ltr'><strong>aliquando</strong></span> <span class='ocrx_word' id='word_1_60' title='bbox 492 653 721 717; x_wconf 76' lang='lat' dir='ltr'><strong>Polybum</strong></span> <span class='ocrx_word' id='word_1_61' title='bbox 757 656 935 715; x_wconf 87' lang='lat' dir='ltr'><strong>patrem</strong></span> <span class='ocrx_word' id='word_1_62' title='bbox 979 649 1151 699; x_wconf 90' lang='lat' dir='ltr'><strong>scilicet</strong></span> <span class='ocrx_word' id='word_1_63' title='bbox 1191 644 1457 701; x_wconf 86' lang='lat' dir='ltr'><strong>interficiat,</strong></span> <span class='ocrx_word' id='word_1_64' title='bbox 1506 644 1836 707; x_wconf 85' lang='lat' dir='ltr'><strong>Meropamque</strong></span> <span class='ocrx_word' id='word_1_65' title='bbox 1857 641 1859 643; x_wconf 79' lang='grc'><strong>’</strong></span> <span class='ocrx_word' id='word_1_66' title='bbox 1882 648 2076 688; x_wconf 91' lang='lat' dir='ltr'><strong>matrem</strong></span> <span class='ocrx_word' id='word_1_67' title='bbox 2129 640 2217 687; x_wconf 85' lang='lat' dir='ltr'>sibi</span> <span class='ocrx_word' id='word_1_68' title='bbox 2258 640 2434 699; x_wconf 83' lang='lat' dir='ltr'><strong>jungat,</strong></span> 
     </span>
     <span class='ocr_line' id='line_1_7' title="bbox 205 722 2438 802; baseline -0.009 -14"><span class='ocrx_word' id='word_1_69' title='bbox 205 739 333 802; x_wconf 85' lang='lat' dir='ltr'><strong>quod</strong></span> <span class='ocrx_word' id='word_1_70' title='bbox 369 737 625 801; x_wconf 84' lang='lat' dir='ltr'><strong>periculum</strong></span> <span class='ocrx_word' id='word_1_71' title='bbox 661 735 749 782; x_wconf 90' lang='lat' dir='ltr'><strong>sibi</strong></span> <span class='ocrx_word' id='word_1_72' title='bbox 794 722 1033 780; x_wconf 83' lang='lat' dir='ltr'><strong>imminere</strong></span> <span class='ocrx_word' id='word_1_73' title='bbox 1079 731 1335 794; x_wconf 90' lang='lat' dir='ltr'><strong>suspicatur</strong></span> <span class='ocrx_word' id='word_1_74' title='bbox 1348 765 1362 786; x_wconf 89' lang='lat'><strong>,</strong></span> <span class='ocrx_word' id='word_1_75' title='bbox 1414 729 1454 777; x_wconf 90' lang='lat' dir='ltr'><strong>si</strong></span> <span class='ocrx_word' id='word_1_76' title='bbox 1490 729 1589 793; x_wconf 90' lang='lat' dir='ltr'><strong>ipse</strong></span> <span class='ocrx_word' id='word_1_77' title='bbox 1624 728 1681 777; x_wconf 87' lang='lat' dir='ltr'><strong>iis</strong></span> <span class='ocrx_word' id='word_1_78' title='bbox 1697 762 1710 783; x_wconf 91' lang='lat'><strong>,</strong></span> <span class='ocrx_word' id='word_1_79' title='bbox 1752 740 1871 789; x_wconf 90' lang='lat' dir='ltr'><strong>quae</strong></span> <span class='ocrx_word' id='word_1_80' title='bbox 1918 726 2193 790; x_wconf 78' lang='lat' dir='ltr'><strong>imprecatus</strong></span> <span class='ocrx_word' id='word_1_81' title='bbox 2243 723 2302 772; x_wconf 90' lang='lat' dir='ltr'><strong>sit</strong></span> <span class='ocrx_word' id='word_1_82' title='bbox 2341 723 2438 770; x_wconf 88' lang='lat' dir='ltr'><strong>Laii</strong></span> 
     </span>
     <span class='ocr_line' id='line_1_8' title="bbox 204 807 2438 877; baseline -0.008 -5"><span class='ocrx_word' id='word_1_83' title='bbox 204 822 598 875; x_wconf 72' lang='lat' dir='ltr'><strong>interfectoribus,</strong></span> <span class='ocrx_word' id='word_1_84' title='bbox 644 825 852 867; x_wconf 89' lang='lat' dir='ltr'><strong>teneatur</strong></span> <span class='ocrx_word' id='word_1_85' title='bbox 901 818 966 865; x_wconf 66' lang='lat' dir='ltr'><strong>et‘</strong></span> <span class='ocrx_word' id='word_1_86' title='bbox 988 833 1016 865; x_wconf 90' lang='lat' dir='ltr'><strong>e</strong></span> <span class='ocrx_word' id='word_1_87' title='bbox 1058 819 1242 865; x_wconf 86' lang='lat' dir='ltr'><strong>civitate</strong></span> <span class='ocrx_word' id='word_1_88' title='bbox 1284 815 1555 877; x_wconf 82' lang='lat' dir='ltr'>expellatur.</span> <span class='ocrx_word' id='word_1_89' title='bbox 1634 811 1931 865; x_wconf 81' lang='lat' dir='ltr'>Parricidium</span> <span class='ocrx_word' id='word_1_90' title='bbox 1971 812 2108 872; x_wconf 83' lang='lat' dir='ltr'><strong>igitur</strong></span> <span class='ocrx_word' id='word_1_91' title='bbox 2145 823 2199 857; x_wconf 88' lang='lat' dir='ltr'><strong>se</strong></span> <span class='ocrx_word' id='word_1_92' title='bbox 2249 807 2438 855; x_wconf 90' lang='lat' dir='ltr'><strong>commi-</strong></span> 
     </span>
     <span class='ocr_line' id='line_1_9' title="bbox 206 890 2254 967; baseline -0.009 -11"><span class='ocrx_word' id='word_1_93' title='bbox 206 909 325 956; x_wconf 84' lang='lat' dir='ltr'><strong>sisse</strong></span> <span class='ocrx_word' id='word_1_94' title='bbox 357 920 417 954; x_wconf 89' lang='lat' dir='ltr'><strong>ne</strong></span> <span class='ocrx_word' id='word_1_95' title='bbox 452 904 708 967; x_wconf 87' lang='lat' dir='ltr'><strong>suspicatur</strong></span> <span class='ocrx_word' id='word_1_96' title='bbox 736 900 922 963; x_wconf 86' lang='lat' dir='ltr'><strong>quidem</strong></span> <span class='ocrx_word' id='word_1_97' title='bbox 936 934 949 955; x_wconf 92' lang='lat'><strong>,</strong></span> <span class='ocrx_word' id='word_1_98' title='bbox 980 915 1044 947; x_wconf 89' lang='lat' dir='ltr'><strong>-ne</strong></span> <span class='ocrx_word' id='word_1_99' title='bbox 1073 899 1232 963; x_wconf 86' lang='lat' dir='ltr'><strong>postea</strong></span> <span class='ocrx_word' id='word_1_100' title='bbox 1266 913 1295 946; x_wconf 87' lang='lat' dir='ltr'><strong>e</strong></span> <span class='ocrx_word' id='word_1_101' title='bbox 1329 905 1451 947; x_wconf 91' lang='lat' dir='ltr'><strong>terra</strong></span> <span class='ocrx_word' id='word_1_102' title='bbox 1479 899 1655 958; x_wconf 87' lang='lat' dir='ltr'><strong>ejectus</strong></span> <span class='ocrx_word' id='word_1_103' title='bbox 1687 895 1961 949; x_wconf 79' lang='lat' dir='ltr'><strong>committat,</strong></span> <span class='ocrx_word' id='word_1_104' title='bbox 1997 892 2045 940; x_wconf 93' lang='lat' dir='ltr'><strong>id</strong></span> <span class='ocrx_word' id='word_1_105' title='bbox 2080 890 2254 940; x_wconf 89' lang='lat' dir='ltr'><strong>metuit.</strong></span> 
     </span>
    </p>

    <p class='ocr_par' dir='ltr' id='par_1_3' title="bbox 206 973 2446 2207">
     <span class='ocr_line' id='line_1_10' title="bbox 343 973 2439 1049; baseline -0.008 -14"><span class='ocrx_word' id='word_1_106' title='bbox 343 987 493 1049; x_wconf 85' lang='lat' dir='ltr'><strong>Atque</strong></span> <span class='ocrx_word' id='word_1_107' title='bbox 548 987 611 1033; x_wconf 91' lang='lat' dir='ltr'><strong>ita</strong></span> <span class='ocrx_word' id='word_1_108' title='bbox 659 984 749 1032; x_wconf 90' lang='lat' dir='ltr'><strong>hoc</strong></span> <span class='ocrx_word' id='word_1_109' title='bbox 797 984 898 1031; x_wconf 91' lang='lat' dir='ltr'><strong>loco</strong></span> <span class='ocrx_word' id='word_1_110' title='bbox 948 983 1113 1030; x_wconf 88' lang='lat' dir='ltr'><strong>mirum</strong></span> <span class='ocrx_word' id='word_1_111' title='bbox 1168 981 1402 1044; x_wconf 86' lang='lat' dir='ltr'><strong>quoddam</strong></span> <span class='ocrx_word' id='word_1_112' title='bbox 1451 981 1708 1043; x_wconf 90' lang='lat' dir='ltr'><strong>insipientis</strong></span> <span class='ocrx_word' id='word_1_113' title='bbox 1755 978 2006 1042; x_wconf 83' lang='lat' dir='ltr'><strong>sapientiae</strong></span> <span class='ocrx_word' id='word_1_114' title='bbox 2055 983 2104 1023; x_wconf 89' lang='lat' dir='ltr'><strong>et</strong></span> <span class='ocrx_word' id='word_1_115' title='bbox 2155 973 2439 1021; x_wconf 86' lang='lat' dir='ltr'><strong>incredibilis</strong></span> 
     </span>
     <span class='ocr_line' id='line_1_11' title="bbox 209 1063 2440 1131; baseline -0.008 -12"><span class='ocrx_word' id='word_1_116' title='bbox 209 1071 540 1119; x_wconf 84' lang='lat' dir='ltr'><strong>inconstantiae</strong></span> <span class='ocrx_word' id='word_1_117' title='bbox 585 1070 767 1130; x_wconf 81' lang='lat' dir='ltr'><strong>signum</strong></span> <span class='ocrx_word' id='word_1_118' title='bbox 811 1065 1215 1131; x_wconf 87' lang='lat' dir='ltr'><strong>deprehendimus.</strong></span> <span class='ocrx_word' id='word_1_119' title='bbox 1256 1066 1569 1126; x_wconf 86' lang='lat' dir='ltr'><strong>-Quamquam</strong></span> <span class='ocrx_word' id='word_1_120' title='bbox 1612 1063 1736 1111; x_wconf 90' lang='lat' dir='ltr'><strong>enim</strong></span> <span class='ocrx_word' id='word_1_121' title='bbox 1779 1076 1874 1109; x_wconf 92' lang='lat' dir='ltr'><strong>non</strong></span> <span class='ocrx_word' id='word_1_122' title='bbox 1913 1067 2010 1108; x_wconf 91' lang='lat' dir='ltr'><strong>tum</strong></span> <span class='ocrx_word' id='word_1_123' title='bbox 2052 1065 2250 1112; x_wconf 88' lang='lat' dir='ltr'><strong>tantum,</strong></span> <span class='ocrx_word' id='word_1_124' title='bbox 2295 1071 2440 1118; x_wconf 91' lang='lat' dir='ltr'><strong>quum</strong></span> 
     </span>
     <span class='ocr_line' id='line_1_12' title="bbox 211 1134 2441 1214; baseline -0.006 -12"><span class='ocrx_word' id='word_1_125' title='bbox 211 1155 450 1211; x_wconf 85' lang='lat' dir='ltr'><strong>oraculum</strong></span> <span class='ocrx_word' id='word_1_126' title='bbox 492 1153 553 1200; x_wconf 84' lang='lat' dir='ltr'><strong>de</strong></span> <span class='ocrx_word' id='word_1_127' title='bbox 587 1153 764 1214; x_wconf 82' lang='lat' dir='ltr'><strong>origine</strong></span> <span class='ocrx_word' id='word_1_128' title='bbox 796 1151 1057 1200; x_wconf 90' lang='lat' dir='ltr'><strong>consultum</strong></span> <span class='ocrx_word' id='word_1_129' title='bbox 1079 1134 1287 1204; x_wconf 87' lang='lat' dir='ltr'><strong>adierat,</strong></span> <span class='ocrx_word' id='word_1_130' title='bbox 1333 1147 1510 1210; x_wconf 83' lang='lat' dir='ltr'>Polybo</span> <span class='ocrx_word' id='word_1_131' title='bbox 1545 1152 1592 1193; x_wconf 86' lang='lat' dir='ltr'><strong>et</strong></span> <span class='ocrx_word' id='word_1_132' title='bbox 1625 1140 1813 1208; x_wconf 81' lang='lat' dir='ltr'><strong>Meropa</strong></span> <span class='ocrx_word' id='word_1_133' title='bbox 1854 1150 2011 1191; x_wconf 90' lang='lat' dir='ltr'><strong>natum</strong></span> <span class='ocrx_word' id='word_1_134' title='bbox 2060 1158 2112 1190; x_wconf 88' lang='lat' dir='ltr'><strong>se</strong></span> <span class='ocrx_word' id='word_1_135' title='bbox 2146 1157 2255 1190; x_wconf 90' lang='lat' dir='ltr'><strong>esse</strong></span> <span class='ocrx_word' id='word_1_136' title='bbox 2289 1140 2441 1189; x_wconf 90' lang='lat' dir='ltr'><strong>credi-</strong></span> 
     </span>
     <span class='ocr_line' id='line_1_13' title="bbox 206 1224 2442 1298; baseline -0.007 -11"><span class='ocrx_word' id='word_1_137' title='bbox 206 1238 341 1287; x_wconf 88' lang='lat' dir='ltr'><strong>derat</strong></span> <span class='ocrx_word' id='word_1_138' title='bbox 378 1240 461 1298; x_wconf 84' lang='lat' dir='ltr'><strong>(v.</strong></span> <span class='ocrx_word' id='word_1_139' title='bbox 492 1236 591 1284; x_wconf 81' lang='lat'><strong>79⁰</strong></span> <span class='ocrx_word' id='word_1_140' title='bbox 628 1235 814 1297; x_wconf 88' lang='lat' dir='ltr'><strong>seqq.),</strong></span> <span class='ocrx_word' id='word_1_141' title='bbox 860 1233 945 1282; x_wconf 86' lang='lat' dir='ltr'><strong>sed</strong></span> <span class='ocrx_word' id='word_1_142' title='bbox 987 1235 1125 1283; x_wconf 90' lang='lat' dir='ltr'><strong>etiam</strong></span> <span class='ocrx_word' id='word_1_143' title='bbox 1168 1233 1244 1282; x_wconf 89' lang='lat' dir='ltr'><strong>hic</strong></span> <span class='ocrx_word' id='word_1_144' title='bbox 1288 1243 1372 1280; x_wconf 88' lang='lat' dir='ltr'><strong>eos</strong></span> <span class='ocrx_word' id='word_1_145' title='bbox 1418 1234 1634 1292; x_wconf 88' lang='lat' dir='ltr'><strong>parentes</strong></span> <span class='ocrx_word' id='word_1_146' title='bbox 1678 1242 1789 1275; x_wconf 89' lang='lat' dir='ltr'><strong>suos</strong></span> <span class='ocrx_word' id='word_1_147' title='bbox 1832 1241 1940 1275; x_wconf 90' lang='lat' dir='ltr'><strong>esse</strong></span> <span class='ocrx_word' id='word_1_148' title='bbox 1983 1227 2044 1273; x_wconf 91' lang='lat' dir='ltr'><strong>ita</strong></span> <span class='ocrx_word' id='word_1_149' title='bbox 2076 1224 2315 1289; x_wconf 85' lang='lat' dir='ltr'><strong>profitetur</strong></span> <span class='ocrx_word' id='word_1_150' title='bbox 2332 1260 2345 1279; x_wconf 89' lang='lat'><strong>,</strong></span> <span class='ocrx_word' id='word_1_151' title='bbox 2389 1231 2442 1271; x_wconf 91' lang='lat' dir='ltr'><strong>ut</strong></span> 
     </span>
     <span class='ocr_line' id='line_1_14' title="bbox 208 1308 2442 1384; baseline -0.006 -15"><span class='ocrx_word' id='word_1_152' title='bbox 208 1320 346 1384; x_wconf 86' lang='lat' dir='ltr'><strong>plane</strong></span> <span class='ocrx_word' id='word_1_153' title='bbox 380 1334 491 1367; x_wconf 83' lang='lat' dir='ltr'><strong>non</strong></span> <span class='ocrx_word' id='word_1_154' title='bbox 529 1318 707 1367; x_wconf 86' lang='lat' dir='ltr'><strong>dubitet</strong></span> <span class='ocrx_word' id='word_1_155' title='bbox 752 1315 818 1379; x_wconf 87' lang='lat' dir='ltr'><strong>(v.</strong></span> <span class='ocrx_word' id='word_1_156' title='bbox 850 1313 987 1380; x_wconf 78' lang='lat'><strong>825.)</strong></span> <span class='ocrx_word' id='word_1_157' title='bbox 1001 1352 1014 1370; x_wconf 91' lang='lat'><strong>,</strong></span> <span class='ocrx_word' id='word_1_158' title='bbox 1056 1323 1210 1363; x_wconf 90' lang='lat' dir='ltr'><strong>tamen</strong></span> <span class='ocrx_word' id='word_1_159' title='bbox 1223 1349 1236 1369; x_wconf 93' lang='lat'>,</span> <span class='ocrx_word' id='word_1_160' title='bbox 1289 1314 1438 1362; x_wconf 85' lang='lat' dir='ltr'><strong>sicubi</strong></span> <span class='ocrx_word' id='word_1_161' title='bbox 1492 1314 1552 1359; x_wconf 90' lang='lat' dir='ltr'><strong>ab</strong></span> <span class='ocrx_word' id='word_1_162' title='bbox 1606 1309 1708 1360; x_wconf 84' lang='lat' dir='ltr'><strong>aliis</strong></span> <span class='ocrx_word' id='word_1_163' title='bbox 1753 1317 1994 1376; x_wconf 88' lang='lat' dir='ltr'><strong>parentum</strong></span> <span class='ocrx_word' id='word_1_164' title='bbox 2035 1309 2207 1359; x_wconf 90' lang='lat' dir='ltr'><strong>mentio</strong></span> <span class='ocrx_word' id='word_1_165' title='bbox 2225 1321 2228 1324; x_wconf 88' lang='grc'><strong>’</strong></span> <span class='ocrx_word' id='word_1_166' title='bbox 2249 1308 2442 1356; x_wconf 83' lang='lat' dir='ltr'><strong>infertur</strong></span> 
     </span>
     <span class='ocr_line' id='line_1_15' title="bbox 206 1394 2441 1470; baseline -0.006 -15"><span class='ocrx_word' id='word_1_167' title='bbox 206 1405 280 1468; x_wconf 85' lang='lat' dir='ltr'><strong>(v.</strong></span> <span class='ocrx_word' id='word_1_168' title='bbox 312 1401 473 1470; x_wconf 57' lang='lat'><strong>4322),</strong></span> <span class='ocrx_word' id='word_1_169' title='bbox 509 1404 663 1453; x_wconf 81' lang='lat' dir='ltr'><strong>facere</strong></span> <span class='ocrx_word' id='word_1_170' title='bbox 698 1416 792 1450; x_wconf 89' lang='lat' dir='ltr'><strong>non</strong></span> <span class='ocrx_word' id='word_1_171' title='bbox 826 1407 1000 1463; x_wconf 82' lang='lat' dir='ltr'><strong>potest,</strong></span> <span class='ocrx_word' id='word_1_172' title='bbox 1035 1401 1170 1461; x_wconf 89' lang='lat' dir='ltr'><strong>quin,</strong></span> <span class='ocrx_word' id='word_1_173' title='bbox 1219 1399 1299 1459; x_wconf 87' lang='lat' dir='ltr'><strong>qni</strong></span> <span class='ocrx_word' id='word_1_174' title='bbox 1329 1396 1447 1450; x_wconf 90' lang='lat' dir='ltr'><strong>sint,</strong></span> <span class='ocrx_word' id='word_1_175' title='bbox 1485 1397 1696 1459; x_wconf 85' lang='lat' dir='ltr'><strong>cupidius</strong></span> <span class='ocrx_word' id='word_1_176' title='bbox 1724 1402 1914 1457; x_wconf 88' lang='lat' dir='ltr'><strong>quaerat</strong></span> <span class='ocrx_word' id='word_1_177' title='bbox 1960 1410 2048 1444; x_wconf 89' lang='lat' dir='ltr'><strong>nec</strong></span> <span class='ocrx_word' id='word_1_178' title='bbox 2083 1395 2187 1443; x_wconf 87' lang='lat' dir='ltr'><strong>ullis</strong></span> <span class='ocrx_word' id='word_1_179' title='bbox 2217 1394 2441 1449; x_wconf 82' lang='lat' dir='ltr'><strong>locastae,</strong></span> 
     </span>
     <span class='ocr_line' id='line_1_16' title="bbox 206 1478 2443 1550; baseline -0.008 -11"><span class='ocrx_word' id='word_1_180' title='bbox 206 1489 312 1546; x_wconf 79' lang='lat' dir='ltr'><strong>quis</strong></span> <span class='ocrx_word' id='word_1_181' title='bbox 357 1488 399 1537; x_wconf 78' lang='lat' dir='ltr'><strong>is</strong></span> <span class='ocrx_word' id='word_1_182' title='bbox 443 1488 530 1543; x_wconf 90' lang='lat' dir='ltr'><strong>sit,</strong></span> <span class='ocrx_word' id='word_1_183' title='bbox 580 1486 677 1550; x_wconf 84' lang='lat' dir='ltr'><strong>jam</strong></span> <span class='ocrx_word' id='word_1_184' title='bbox 721 1483 1016 1545; x_wconf 84' lang='lat' dir='ltr'><strong>intelligentis</strong></span> <span class='ocrx_word' id='word_1_185' title='bbox 1062 1481 1278 1544; x_wconf 89' lang='lat' dir='ltr'><strong>precibus</strong></span> <span class='ocrx_word' id='word_1_186' title='bbox 1325 1481 1385 1527; x_wconf 91' lang='lat' dir='ltr'><strong>ab</strong></span> <span class='ocrx_word' id='word_1_187' title='bbox 1428 1495 1484 1526; x_wconf 88' lang='lat' dir='ltr'><strong>ea</strong></span> <span class='ocrx_word' id='word_1_188' title='bbox 1530 1481 1886 1539; x_wconf 78' lang='lat' dir='ltr'><strong>investigatione</strong></span> <span class='ocrx_word' id='word_1_189' title='bbox 1941 1494 1994 1526; x_wconf 90' lang='lat' dir='ltr'><strong>se</strong></span> <span class='ocrx_word' id='word_1_190' title='bbox 2039 1479 2227 1525; x_wconf 86' lang='lat' dir='ltr'><strong>avocari</strong></span> <span class='ocrx_word' id='word_1_191' title='bbox 2276 1478 2443 1540; x_wconf 87' lang='lat' dir='ltr'><strong>patitur</strong></span> 
     </span>
     <span class='ocr_line' id='line_1_17' title="bbox 208 1558 2444 1629; baseline -0.001 -18"><span class='ocrx_word' id='word_1_192' title='bbox 208 1564 275 1629; x_wconf 86' lang='lat' dir='ltr'><strong>(v.</strong></span> <span class='ocrx_word' id='word_1_193' title='bbox 308 1562 503 1627; x_wconf 48' lang='grc'><strong>1060.)</strong></span> <span class='ocrx_word' id='word_1_194' title='bbox 588 1563 685 1610; x_wconf 90' lang='lat' dir='ltr'><strong>Imo</strong></span> <span class='ocrx_word' id='word_1_195' title='bbox 739 1575 882 1623; x_wconf 89' lang='lat' dir='ltr'><strong>quum</strong></span> <span class='ocrx_word' id='word_1_196' title='bbox 927 1575 1031 1609; x_wconf 88' lang='lat' dir='ltr'><strong>eam</strong></span> <span class='ocrx_word' id='word_1_197' title='bbox 1081 1561 1216 1609; x_wconf 83' lang='lat' dir='ltr'><strong>nolle.</strong></span> <span class='ocrx_word' id='word_1_198' title='bbox 1247 1561 1507 1623; x_wconf 89' lang='lat' dir='ltr'><strong>suspicetur</strong></span> <span class='ocrx_word' id='word_1_199' title='bbox 1551 1561 1746 1624; x_wconf 88' lang='lat' dir='ltr'><strong>amplius</strong></span> <span class='ocrx_word' id='word_1_200' title='bbox 1783 1562 1943 1623; x_wconf 83' lang='lat' dir='ltr'><strong>quaeri</strong></span> <span class='ocrx_word' id='word_1_201' title='bbox 1991 1566 2256 1625; x_wconf 89' lang='lat' dir='ltr'><strong>propterea,</strong></span> <span class='ocrx_word' id='word_1_202' title='bbox 2314 1558 2444 1622; x_wconf 90' lang='lat' dir='ltr'><strong>quod</strong></span> 
     </span>
     <span class='ocr_line' id='line_1_18' title="bbox 210 1643 2443 1708; baseline -0.001 -13"><span class='ocrx_word' id='word_1_203' title='bbox 210 1647 407 1697; x_wconf 66' lang='lat' dir='ltr'><strong>somnae</strong></span> <span class='ocrx_word' id='word_1_204' title='bbox 438 1644 667 1694; x_wconf 74' lang='lat' dir='ltr'><strong>humilitas</strong></span> <span class='ocrx_word' id='word_1_205' title='bbox 685 1646 932 1708; x_wconf 80' lang='lat' dir='ltr'><strong>quaedam</strong></span> <span class='ocrx_word' id='word_1_206' title='bbox 963 1646 1150 1707; x_wconf 81' lang='lat' dir='ltr'><strong>generis</strong></span> <span class='ocrx_word' id='word_1_207' title='bbox 1183 1643 1578 1707; x_wconf 82' lang='lat' dir='ltr'><strong>deprehendatur,</strong></span> <span class='ocrx_word' id='word_1_208' title='bbox 1624 1661 1682 1694; x_wconf 93' lang='lat' dir='ltr'><strong>eo</strong></span> <span class='ocrx_word' id='word_1_209' title='bbox 1717 1647 1940 1707; x_wconf 87' lang='lat' dir='ltr'><strong>majorem</strong></span> <span class='ocrx_word' id='word_1_210' title='bbox 1975 1646 2021 1691; x_wconf 92' lang='lat' dir='ltr'><strong>in</strong></span> <span class='ocrx_word' id='word_1_211' title='bbox 2057 1659 2113 1692; x_wconf 90' lang='lat' dir='ltr'><strong>ea</strong></span> <span class='ocrx_word' id='word_1_212' title='bbox 2156 1659 2208 1692; x_wconf 92' lang='lat' dir='ltr'><strong>re</strong></span> <span class='ocrx_word' id='word_1_213' title='bbox 2244 1644 2443 1705; x_wconf 81' lang='lat' dir='ltr'><strong>diligen-</strong></span> 
     </span>
     <span class='ocr_line' id='line_1_19' title="bbox 210 1726 2445 1799; baseline -0.002 -20"><span class='ocrx_word' id='word_1_214' title='bbox 210 1730 322 1779; x_wconf 84' lang='lat' dir='ltr'><strong>tiam</strong></span> <span class='ocrx_word' id='word_1_215' title='bbox 365 1728 675 1786; x_wconf 82' lang='lat' dir='ltr'><strong>adhibendam</strong></span> <span class='ocrx_word' id='word_1_216' title='bbox 720 1734 873 1790; x_wconf 86' lang='lat' dir='ltr'><strong>putat,</strong></span> <span class='ocrx_word' id='word_1_217' title='bbox 939 1726 1050 1774; x_wconf 87' lang='lat' dir='ltr'><strong>nihil</strong></span> <span class='ocrx_word' id='word_1_218' title='bbox 1084 1727 1344 1799; x_wconf 43' lang='lat' dir='ltr'><strong>:gloriosius</strong></span> <span class='ocrx_word' id='word_1_219' title='bbox 1385 1728 1479 1775; x_wconf 87' lang='lat' dir='ltr'><strong>sibi</strong></span> <span class='ocrx_word' id='word_1_220' title='bbox 1522 1729 1622 1777; x_wconf 84' lang='lat' dir='ltr'><strong>fore</strong></span> <span class='ocrx_word' id='word_1_221' title='bbox 1673 1730 1890 1792; x_wconf 86' lang='lat' dir='ltr'><strong>opinans,</strong></span> <span class='ocrx_word' id='word_1_222' title='bbox 1943 1741 2082 1789; x_wconf 89' lang='lat' dir='ltr'><strong>quam</strong></span> <span class='ocrx_word' id='word_1_223' title='bbox 2125 1728 2167 1776; x_wconf 91' lang='lat' dir='ltr'><strong>si</strong></span> <span class='ocrx_word' id='word_1_224' title='bbox 2231 1728 2445 1775; x_wconf 80' lang='lat' dir='ltr'><strong>fortunae</strong></span> 
     </span>
     <span class='ocr_line' id='line_1_20' title="bbox 207 1811 2445 1875; baseline -0.001 -13"><span class='ocrx_word' id='word_1_225' title='bbox 207 1812 331 1863; x_wconf 87' lang='lat' dir='ltr'><strong>filius</strong></span> <span class='ocrx_word' id='word_1_226' title='bbox 345 1849 359 1869; x_wconf 87' lang='lat'><em>,</em></span> <span class='ocrx_word' id='word_1_227' title='bbox 393 1828 535 1875; x_wconf 87' lang='lat' dir='ltr'><strong>quem</strong></span> <span class='ocrx_word' id='word_1_228' title='bbox 565 1828 621 1861; x_wconf 88' lang='lat' dir='ltr'><strong>se</strong></span> <span class='ocrx_word' id='word_1_229' title='bbox 655 1811 820 1867; x_wconf 83' lang='lat' dir='ltr'><strong>habet,</strong></span> <span class='ocrx_word' id='word_1_230' title='bbox 863 1812 925 1859; x_wconf 91' lang='lat' dir='ltr'><strong>ad</strong></span> <span class='ocrx_word' id='word_1_231' title='bbox 958 1812 1130 1872; x_wconf 79' lang='lat' dir='ltr'><strong>regiam</strong></span> <span class='ocrx_word' id='word_1_232' title='bbox 1162 1811 1429 1872; x_wconf 82' lang='lat' dir='ltr'><strong>dignitatem</strong></span> <span class='ocrx_word' id='word_1_233' title='bbox 1462 1818 1653 1860; x_wconf 89' lang='lat' dir='ltr'><strong>evectus</strong></span> <span class='ocrx_word' id='word_1_234' title='bbox 1687 1827 1794 1861; x_wconf 91' lang='lat' dir='ltr'><strong>esse</strong></span> <span class='ocrx_word' id='word_1_235' title='bbox 1839 1812 2107 1875; x_wconf 89' lang='lat' dir='ltr'><strong>reperiatur.</strong></span> <span class='ocrx_word' id='word_1_236' title='bbox 2179 1813 2359 1868; x_wconf 89' lang='lat' dir='ltr'><strong>Quibus</strong></span> <span class='ocrx_word' id='word_1_237' title='bbox 2394 1819 2445 1860; x_wconf 89' lang='lat' dir='ltr'><strong>ut</strong></span> 
     </span>
     <span class='ocr_line' id='line_1_21' title="bbox 209 1893 2443 1961; baseline -0.001 -15"><span class='ocrx_word' id='word_1_238' title='bbox 209 1898 468 1961; x_wconf 81' lang='lat' dir='ltr'><strong>praefracta</strong></span> <span class='ocrx_word' id='word_1_239' title='bbox 502 1897 578 1944; x_wconf 90' lang='lat' dir='ltr'><strong>illa</strong></span> <span class='ocrx_word' id='word_1_240' title='bbox 612 1896 814 1943; x_wconf 90' lang='lat' dir='ltr'><strong>cernitur</strong></span> <span class='ocrx_word' id='word_1_241' title='bbox 846 1895 987 1941; x_wconf 89' lang='lat' dir='ltr'><strong>animi</strong></span> <span class='ocrx_word' id='word_1_242' title='bbox 1018 1895 1265 1957; x_wconf 87' lang='lat' dir='ltr'><strong>pertinacia</strong></span> <span class='ocrx_word' id='word_1_243' title='bbox 1298 1893 1408 1941; x_wconf 88' lang='lat' dir='ltr'><strong>nihil</strong></span> <span class='ocrx_word' id='word_1_244' title='bbox 1422 1928 1436 1948; x_wconf 93' lang='lat'><strong><em>‚</em></strong></span> <span class='ocrx_word' id='word_1_245' title='bbox 1482 1894 1608 1956; x_wconf 90' lang='lat' dir='ltr'><strong>quod</strong></span> <span class='ocrx_word' id='word_1_246' title='bbox 1655 1895 1941 1960; x_wconf 91' lang='lat' dir='ltr'><strong>propositum</strong></span> <span class='ocrx_word' id='word_1_247' title='bbox 1981 1896 2057 1952; x_wconf 82' lang='lat' dir='ltr'><strong>vel</strong></span> <span class='ocrx_word' id='word_1_248' title='bbox 2104 1895 2313 1944; x_wconf 91' lang='lat' dir='ltr'><strong>oblatum</strong></span> <span class='ocrx_word' id='word_1_249' title='bbox 2355 1902 2443 1950; x_wconf 83' lang='lat' dir='ltr'><strong>est.</strong></span> 
     </span>
     <span class='ocr_line' id='line_1_22' title="bbox 207 1977 2446 2041; baseline -0 -12"><span class='ocrx_word' id='word_1_250' title='bbox 207 1979 474 2030; x_wconf 85' lang='lat' dir='ltr'><strong>inchoatum</strong></span> <span class='ocrx_word' id='word_1_251' title='bbox 524 1980 822 2041; x_wconf 79' lang='lat' dir='ltr'><strong>relinquentis</strong></span> <span class='ocrx_word' id='word_1_252' title='bbox 835 2014 848 2033; x_wconf 89' lang='lat'><em>,</em></span> <span class='ocrx_word' id='word_1_253' title='bbox 907 1979 968 2026; x_wconf 90' lang='lat' dir='ltr'><strong>ita</strong></span> <span class='ocrx_word' id='word_1_254' title='bbox 1010 1977 1124 2025; x_wconf 82' lang='lat' dir='ltr'><strong>nihil</strong></span> <span class='ocrx_word' id='word_1_255' title='bbox 1150 1978 1328 2024; x_wconf 66' lang='lat' dir='ltr'><strong>&#39;verius</strong></span> <span class='ocrx_word' id='word_1_256' title='bbox 1361 1977 1633 2038; x_wconf 86' lang='lat' dir='ltr'><strong>acutiusque</strong></span> <span class='ocrx_word' id='word_1_257' title='bbox 1667 1990 1807 2038; x_wconf 89' lang='lat' dir='ltr'><strong>quam</strong></span> <span class='ocrx_word' id='word_1_258' title='bbox 1840 1977 1941 2041; x_wconf 88' lang='lat' dir='ltr'><strong>ipse</strong></span> <span class='ocrx_word' id='word_1_259' title='bbox 1974 1977 2037 2025; x_wconf 89' lang='lat' dir='ltr'><strong>de</strong></span> <span class='ocrx_word' id='word_1_260' title='bbox 2068 1993 2121 2026; x_wconf 88' lang='lat' dir='ltr'><strong>se</strong></span> <span class='ocrx_word' id='word_1_261' title='bbox 2164 1978 2304 2034; x_wconf 89' lang='lat' dir='ltr'><strong>dicit,</strong></span> <span class='ocrx_word' id='word_1_262' title='bbox 2351 1979 2446 2028; x_wconf 89' lang='lat' dir='ltr'><strong>dici</strong></span> 
     </span>
     <span class='ocr_line' id='line_1_23' title="bbox 211 2059 2442 2126; baseline -0.001 -14"><span class='ocrx_word' id='word_1_263' title='bbox 211 2069 376 2126; x_wconf 87' lang='lat' dir='ltr'><strong>potest.</strong></span> <span class='ocrx_word' id='word_1_264' title='bbox 446 2063 544 2111; x_wconf 82' lang='lat' dir='ltr'><strong>Est</strong></span> <span class='ocrx_word' id='word_1_265' title='bbox 562 2077 675 2111; x_wconf 88' lang='lat' dir='ltr'><strong>sane</strong></span> <span class='ocrx_word' id='word_1_266' title='bbox 702 2063 914 2110; x_wconf 88' lang='lat' dir='ltr'><strong>fortunae</strong></span> <span class='ocrx_word' id='word_1_267' title='bbox 942 2060 1063 2109; x_wconf 86' lang='lat' dir='ltr'><strong>filius</strong></span> <span class='ocrx_word' id='word_1_268' title='bbox 1082 2096 1093 2115; x_wconf 89' lang='lat'><strong>,</strong></span> <span class='ocrx_word' id='word_1_269' title='bbox 1136 2074 1231 2108; x_wconf 89' lang='lat' dir='ltr'><strong>non</strong></span> <span class='ocrx_word' id='word_1_270' title='bbox 1257 2060 1364 2119; x_wconf 66' lang='lat' dir='ltr'><strong>&#39;ejus</strong></span> <span class='ocrx_word' id='word_1_271' title='bbox 1392 2059 1606 2119; x_wconf 89' lang='lat' dir='ltr'><strong>quidem,</strong></span> <span class='ocrx_word' id='word_1_272' title='bbox 1644 2060 1775 2120; x_wconf 88' lang='lat' dir='ltr'><strong>cujus</strong></span> <span class='ocrx_word' id='word_1_273' title='bbox 1807 2061 1907 2124; x_wconf 88' lang='lat' dir='ltr'><strong>ipse</strong></span> <span class='ocrx_word' id='word_1_274' title='bbox 1937 2062 2076 2109; x_wconf 88' lang='lat' dir='ltr'><strong>sentit</strong></span> <span class='ocrx_word' id='word_1_275' title='bbox 2101 2074 2157 2109; x_wconf 89' lang='lat' dir='ltr'><strong>ac</strong></span> <span class='ocrx_word' id='word_1_276' title='bbox 2190 2062 2442 2125; x_wconf 86' lang='lat' dir='ltr'><strong>praedicat,</strong></span> 
     </span>
     <span class='ocr_line' id='line_1_24' title="bbox 210 2142 2446 2207; baseline 0 -14"><span class='ocrx_word' id='word_1_277' title='bbox 210 2144 296 2193; x_wconf 80' lang='lat' dir='ltr'><strong>scd</strong></span> <span class='ocrx_word' id='word_1_278' title='bbox 340 2145 441 2205; x_wconf 83' lang='lat' dir='ltr'><strong>ejus</strong></span> <span class='ocrx_word' id='word_1_279' title='bbox 454 2180 467 2198; x_wconf 91' lang='lat'>‚</span> <span class='ocrx_word' id='word_1_280' title='bbox 515 2145 645 2207; x_wconf 84' lang='lat' dir='ltr'><strong>cujus</strong></span> <span class='ocrx_word' id='word_1_281' title='bbox 694 2145 995 2194; x_wconf 83' lang='lat' dir='ltr'><strong>temeritatem</strong></span> <span class='ocrx_word' id='word_1_282' title='bbox 1041 2151 1089 2193; x_wconf 84' lang='lat' dir='ltr'><strong>et</strong></span> <span class='ocrx_word' id='word_1_283' title='bbox 1145 2142 1494 2193; x_wconf 85' lang='lat' dir='ltr'><strong>inconstantiam</strong></span> <span class='ocrx_word' id='word_1_284' title='bbox 1536 2143 1765 2206; x_wconf 90' lang='lat' dir='ltr'><strong>propriam</strong></span> <span class='ocrx_word' id='word_1_285' title='bbox 1811 2158 1916 2191; x_wconf 89' lang='lat' dir='ltr'><strong>esse</strong></span> <span class='ocrx_word' id='word_1_286' title='bbox 1950 2145 2162 2193; x_wconf 87' lang='lat' dir='ltr'><strong>dicimus.</strong></span> <span class='ocrx_word' id='word_1_287' title='bbox 2241 2146 2446 2195; x_wconf 89' lang='lat' dir='ltr'><strong>Primum</strong></span> 
     </span>
    </p>
   </div>
   <div class='ocr_carea' id='block_1_3' title="bbox 209 2226 2536 2290">
    <p class='ocr_par' dir='ltr' id='par_1_4' title="bbox 209 2226 2536 2290">
     <span class='ocr_line' id='line_1_25' title="bbox 209 2226 2536 2290; baseline 0 -14"><span class='ocrx_word' id='word_1_288' title='bbox 209 2228 356 2282; x_wconf 88' lang='lat' dir='ltr'><strong>enim,</strong></span> <span class='ocrx_word' id='word_1_289' title='bbox 412 2233 634 2289; x_wconf 87' lang='lat' dir='ltr'><strong>quantum</strong></span> <span class='ocrx_word' id='word_1_290' title='bbox 674 2228 800 2290; x_wconf 89' lang='lat' dir='ltr'><strong>apud</strong></span> <span class='ocrx_word' id='word_1_291' title='bbox 842 2227 1117 2290; x_wconf 88' lang='lat' dir='ltr'><strong>Sophoclem</strong></span> <span class='ocrx_word' id='word_1_292' title='bbox 1148 2234 1327 2281; x_wconf 88' lang='lat' dir='ltr'><strong>exstet,</strong></span> <span class='ocrx_word' id='word_1_293' title='bbox 1371 2226 1431 2274; x_wconf 92' lang='lat' dir='ltr'><strong>ad</strong></span> <span class='ocrx_word' id='word_1_294' title='bbox 1464 2227 1645 2274; x_wconf 90' lang='lat' dir='ltr'><strong>consilii</strong></span> <span class='ocrx_word' id='word_1_295' title='bbox 1680 2227 1893 2290; x_wconf 89' lang='lat' dir='ltr'><strong>capiendi</strong></span> <span class='ocrx_word' id='word_1_296' title='bbox 1928 2227 2313 2277; x_wconf 87' lang='lat' dir='ltr'><strong>deliberationem</strong></span> <span class='ocrx_word' id='word_1_297' title='bbox 2346 2244 2445 2278; x_wconf 86' lang='lat' dir='ltr'><strong>non</strong></span> <span class='ocrx_word' id='word_1_298' title='bbox 2529 2265 2536 2269; x_wconf 76' lang='grc'><strong>-</strong></span> 
     </span>
    </p>
   </div>
   <div class='ocr_carea' id='block_1_4' title="bbox 209 2309 2448 3281">
    <p class='ocr_par' dir='ltr' id='par_1_5' title="bbox 209 2309 2448 2962">
     <span class='ocr_line' id='line_1_26' title="bbox 210 2309 2447 2373; baseline 0.002 -16"><span class='ocrx_word' id='word_1_299' title='bbox 210 2323 325 2359; x_wconf 88' lang='lat' dir='ltr'><strong>suae</strong></span> <span class='ocrx_word' id='word_1_300' title='bbox 360 2310 527 2358; x_wconf 92' lang='lat' dir='ltr'><strong>mentis</strong></span> <span class='ocrx_word' id='word_1_301' title='bbox 560 2315 607 2357; x_wconf 87' lang='lat' dir='ltr'><strong>et</strong></span> <span class='ocrx_word' id='word_1_302' title='bbox 635 2309 826 2357; x_wconf 88' lang='lat' dir='ltr'><strong>rationis</strong></span> <span class='ocrx_word' id='word_1_303' title='bbox 861 2315 988 2358; x_wconf 89' lang='lat' dir='ltr'><strong>motu</strong></span> <span class='ocrx_word' id='word_1_304' title='bbox 1036 2310 1137 2373; x_wconf 88' lang='lat' dir='ltr'><strong>ipse</strong></span> <span class='ocrx_word' id='word_1_305' title='bbox 1180 2324 1233 2357; x_wconf 90' lang='lat' dir='ltr'><strong>se</strong></span> <span class='ocrx_word' id='word_1_306' title='bbox 1266 2311 1459 2365; x_wconf 86' lang='lat' dir='ltr'><strong>excitat,</strong></span> <span class='ocrx_word' id='word_1_307' title='bbox 1501 2309 1585 2357; x_wconf 91' lang='lat' dir='ltr'><strong>sed</strong></span> <span class='ocrx_word' id='word_1_308' title='bbox 1638 2310 1778 2359; x_wconf 88' lang='lat' dir='ltr'><strong>rebus</strong></span> <span class='ocrx_word' id='word_1_309' title='bbox 1809 2311 2101 2360; x_wconf 86' lang='lat' dir='ltr'><strong>extrinsecus</strong></span> <span class='ocrx_word' id='word_1_310' title='bbox 2134 2312 2282 2361; x_wconf 87' lang='lat' dir='ltr'><strong>allatis</strong></span> <span class='ocrx_word' id='word_1_311' title='bbox 2317 2314 2447 2362; x_wconf 89' lang='lat' dir='ltr'><strong>exci-</strong></span> 
     </span>
     <span class='ocr_line' id='line_1_27' title="bbox 209 2393 2447 2459; baseline 0.002 -18"><span class='ocrx_word' id='word_1_312' title='bbox 209 2394 299 2442; x_wconf 86' lang='lat' dir='ltr'><strong>tari</strong></span> <span class='ocrx_word' id='word_1_313' title='bbox 347 2410 401 2443; x_wconf 90' lang='lat' dir='ltr'><strong>se</strong></span> <span class='ocrx_word' id='word_1_314' title='bbox 446 2396 638 2458; x_wconf 89' lang='lat' dir='ltr'><strong>patitur,</strong></span> <span class='ocrx_word' id='word_1_315' title='bbox 680 2394 850 2443; x_wconf 91' lang='lat' dir='ltr'><strong>deinde</strong></span> <span class='ocrx_word' id='word_1_316' title='bbox 897 2408 992 2441; x_wconf 92' lang='lat' dir='ltr'><strong>non</strong></span> <span class='ocrx_word' id='word_1_317' title='bbox 1039 2393 1383 2457; x_wconf 89' lang='lat' dir='ltr'><strong>circumspectis</strong></span> <span class='ocrx_word' id='word_1_318' title='bbox 1428 2394 1670 2455; x_wconf 83' lang='lat' dir='ltr'><strong>diligenter</strong></span> <span class='ocrx_word' id='word_1_319' title='bbox 1715 2409 1868 2442; x_wconf 89' lang='lat' dir='ltr'><strong>rerum</strong></span> <span class='ocrx_word' id='word_1_320' title='bbox 1918 2396 2163 2459; x_wconf 86' lang='lat' dir='ltr'><strong>momentis</strong></span> <span class='ocrx_word' id='word_1_321' title='bbox 2216 2403 2447 2459; x_wconf 90' lang='lat' dir='ltr'><strong>cauteque</strong></span> 
     </span>
     <span class='ocr_line' id='line_1_28' title="bbox 210 2476 2444 2542; baseline 0.002 -17"><span class='ocrx_word' id='word_1_322' title='bbox 210 2476 451 2541; x_wconf 87' lang='lat' dir='ltr'><strong>pensitatis</strong></span> <span class='ocrx_word' id='word_1_323' title='bbox 471 2479 584 2541; x_wconf 91' lang='lat' dir='ltr'><strong>quid</strong></span> <span class='ocrx_word' id='word_1_324' title='bbox 605 2480 757 2528; x_wconf 86' lang='lat' dir='ltr'><strong>facere</strong></span> <span class='ocrx_word' id='word_1_325' title='bbox 784 2483 1000 2542; x_wconf 87' lang='lat' dir='ltr'><strong>praestet,</strong></span> <span class='ocrx_word' id='word_1_326' title='bbox 1036 2478 1284 2532; x_wconf 89' lang='lat' dir='ltr'><strong>constituit,</strong></span> <span class='ocrx_word' id='word_1_327' title='bbox 1322 2478 1407 2525; x_wconf 91' lang='lat' dir='ltr'><strong>sed</strong></span> <span class='ocrx_word' id='word_1_328' title='bbox 1429 2478 1652 2540; x_wconf 91' lang='lat' dir='ltr'><strong>quidquid</strong></span> <span class='ocrx_word' id='word_1_329' title='bbox 1686 2478 1773 2541; x_wconf 90' lang='lat' dir='ltr'><strong>ipsi</strong></span> <span class='ocrx_word' id='word_1_330' title='bbox 1807 2478 2007 2526; x_wconf 85' lang='lat' dir='ltr'><strong>maxime</strong></span> <span class='ocrx_word' id='word_1_331' title='bbox 2043 2480 2193 2541; x_wconf 90' lang='lat' dir='ltr'><strong>placet</strong></span> <span class='ocrx_word' id='word_1_332' title='bbox 2222 2495 2278 2529; x_wconf 93' lang='lat' dir='ltr'><strong>ac</strong></span> <span class='ocrx_word' id='word_1_333' title='bbox 2317 2481 2444 2537; x_wconf 89' lang='lat' dir='ltr'><strong>libet,</strong></span> 
     </span>
     <span class='ocr_line' id='line_1_29' title="bbox 210 2560 2447 2627; baseline 0.002 -19"><span class='ocrx_word' id='word_1_334' title='bbox 210 2561 261 2609; x_wconf 91' lang='lat' dir='ltr'><strong>id</strong></span> <span class='ocrx_word' id='word_1_335' title='bbox 311 2560 597 2611; x_wconf 85' lang='lat' dir='ltr'><strong>confidenter</strong></span> <span class='ocrx_word' id='word_1_336' title='bbox 648 2563 805 2627; x_wconf 90' lang='lat' dir='ltr'><strong>arripit</strong></span> <span class='ocrx_word' id='word_1_337' title='bbox 851 2561 1235 2626; x_wconf 87' lang='lat' dir='ltr'><strong>pertinaciterque</strong></span> <span class='ocrx_word' id='word_1_338' title='bbox 1277 2561 1483 2621; x_wconf 89' lang='lat' dir='ltr'><strong>sequitur</strong></span> <span class='ocrx_word' id='word_1_339' title='bbox 1496 2595 1509 2616; x_wconf 92' lang='lat'><strong>‚</strong></span> <span class='ocrx_word' id='word_1_340' title='bbox 1560 2561 1760 2621; x_wconf 88' lang='lat' dir='ltr'><strong>denique</strong></span> <span class='ocrx_word' id='word_1_341' title='bbox 1799 2561 1949 2608; x_wconf 90' lang='lat' dir='ltr'><strong>omnis</strong></span> <span class='ocrx_word' id='word_1_342' title='bbox 2000 2577 2156 2609; x_wconf 88' lang='lat' dir='ltr'><strong>rerum</strong></span> <span class='ocrx_word' id='word_1_343' title='bbox 2205 2565 2324 2612; x_wconf 87' lang='lat' dir='ltr'><strong>actio</strong></span> <span class='ocrx_word' id='word_1_344' title='bbox 2338 2599 2351 2619; x_wconf 91' lang='lat'><strong>,</strong></span> <span class='ocrx_word' id='word_1_345' title='bbox 2405 2565 2447 2613; x_wconf 90' lang='lat' dir='ltr'><strong>si</strong></span> 
     </span>
     <span class='ocr_line' id='line_1_30' title="bbox 212 2642 2447 2709; baseline 0.001 -17"><span class='ocrx_word' id='word_1_346' title='bbox 212 2645 394 2693; x_wconf 83' lang='lat' dir='ltr'><strong>eventis</strong></span> <span class='ocrx_word' id='word_1_347' title='bbox 426 2645 710 2709; x_wconf 86' lang='lat' dir='ltr'><strong>ponderatur</strong></span> <span class='ocrx_word' id='word_1_348' title='bbox 723 2680 736 2700; x_wconf 92' lang='lat'><strong><em>‚</em></strong></span> <span class='ocrx_word' id='word_1_349' title='bbox 781 2660 875 2694; x_wconf 91' lang='lat' dir='ltr'><strong>non</strong></span> <span class='ocrx_word' id='word_1_350' title='bbox 907 2644 1109 2698; x_wconf 86' lang='lat' dir='ltr'><strong>consilii,</strong></span> <span class='ocrx_word' id='word_1_351' title='bbox 1156 2642 1242 2693; x_wconf 83' lang='lat' dir='ltr'><strong>sed</strong></span> <span class='ocrx_word' id='word_1_352' title='bbox 1276 2643 1486 2692; x_wconf 78' lang='lat' dir='ltr'><strong>fortunae</strong></span> <span class='ocrx_word' id='word_1_353' title='bbox 1517 2659 1624 2692; x_wconf 84' lang='lat' dir='ltr'><strong>esse</strong></span> <span class='ocrx_word' id='word_1_354' title='bbox 1656 2643 1861 2692; x_wconf 80' lang='lat' dir='ltr'><strong>videtur.</strong></span> <span class='ocrx_word' id='word_1_355' title='bbox 1931 2646 2047 2694; x_wconf 87' lang='lat' dir='ltr'><strong>Hinc</strong></span> <span class='ocrx_word' id='word_1_356' title='bbox 2082 2647 2194 2695; x_wconf 89' lang='lat' dir='ltr'><strong>illud</strong></span> <span class='ocrx_word' id='word_1_357' title='bbox 2236 2648 2447 2709; x_wconf 84' lang='lat' dir='ltr'><strong>intelligi·</strong></span> 
     </span>
     <span class='ocr_line' id='line_1_31' title="bbox 212 2727 2447 2795; baseline 0.001 -19"><span class='ocrx_word' id='word_1_358' title='bbox 212 2733 286 2776; x_wconf 86' lang='lat' dir='ltr'><strong>tur</strong></span> <span class='ocrx_word' id='word_1_359' title='bbox 332 2742 501 2790; x_wconf 87' lang='lat' dir='ltr'><strong>quare,</strong></span> <span class='ocrx_word' id='word_1_360' title='bbox 549 2736 692 2793; x_wconf 85' lang='lat' dir='ltr'><strong>q&#39;uum</strong></span> <span class='ocrx_word' id='word_1_361' title='bbox 736 2730 983 2794; x_wconf 89' lang='lat' dir='ltr'><strong>plurimum</strong></span> <span class='ocrx_word' id='word_1_362' title='bbox 1024 2727 1192 2776; x_wconf 79' lang='lat' dir='ltr'><strong>&#39;videre</strong></span> <span class='ocrx_word' id='word_1_363' title='bbox 1234 2741 1290 2775; x_wconf 89' lang='lat' dir='ltr'><strong>ac</strong></span> <span class='ocrx_word' id='word_1_364' title='bbox 1336 2740 1501 2790; x_wconf 89' lang='lat' dir='ltr'><strong>sapere</strong></span> <span class='ocrx_word' id='word_1_365' title='bbox 1544 2727 1635 2776; x_wconf 90' lang='lat' dir='ltr'><strong>sibi</strong></span> <span class='ocrx_word' id='word_1_366' title='bbox 1669 2728 1877 2784; x_wconf 86' lang='lat' dir='ltr'><strong>videtur,</strong></span> <span class='ocrx_word' id='word_1_367' title='bbox 1921 2735 2019 2777; x_wconf 91' lang='lat' dir='ltr'><strong>tum</strong></span> <span class='ocrx_word' id='word_1_368' title='bbox 2069 2731 2273 2779; x_wconf 85' lang='lat' dir='ltr'><strong>maxime</strong></span> <span class='ocrx_word' id='word_1_369' title='bbox 2314 2745 2447 2795; x_wconf 88' lang='lat' dir='ltr'><strong>prae-</strong></span> 
     </span>
     <span class='ocr_line' id='line_1_32' title="bbox 213 2811 2448 2879; baseline 0.002 -19"><span class='ocrx_word' id='word_1_370' title='bbox 213 2811 416 2861; x_wconf 87' lang='lat' dir='ltr'><strong>strictam</strong></span> <span class='ocrx_word' id='word_1_371' title='bbox 449 2820 497 2863; x_wconf 89' lang='lat' dir='ltr'><strong>et</strong></span> <span class='ocrx_word' id='word_1_372' title='bbox 525 2813 786 2863; x_wconf 89' lang='lat' dir='ltr'><strong>hebetatam</strong></span> <span class='ocrx_word' id='word_1_373' title='bbox 820 2813 988 2862; x_wconf 88' lang='lat' dir='ltr'><strong>habeat</strong></span> <span class='ocrx_word' id='word_1_374' title='bbox 1024 2811 1196 2873; x_wconf 80' lang='lat' dir='ltr'><strong>ingenii</strong></span> <span class='ocrx_word' id='word_1_375' title='bbox 1228 2812 1376 2859; x_wconf 89' lang='lat' dir='ltr'><strong>aciem</strong></span> <span class='ocrx_word' id='word_1_376' title='bbox 1410 2817 1547 2873; x_wconf 87' lang='lat' dir='ltr'><strong>atque</strong></span> <span class='ocrx_word' id='word_1_377' title='bbox 1592 2811 1658 2858; x_wconf 91' lang='lat' dir='ltr'><strong>ibi</strong></span> <span class='ocrx_word' id='word_1_378' title='bbox 1693 2826 1880 2876; x_wconf 88' lang='lat' dir='ltr'><strong>quoque</strong></span> <span class='ocrx_word' id='word_1_379' title='bbox 1923 2812 2096 2863; x_wconf 89' lang='lat' dir='ltr'><strong>bonam</strong></span> <span class='ocrx_word' id='word_1_380' title='bbox 2134 2815 2196 2864; x_wconf 92' lang='lat' dir='ltr'><strong>de</strong></span> <span class='ocrx_word' id='word_1_381' title='bbox 2226 2830 2280 2864; x_wconf 90' lang='lat' dir='ltr'><strong>se</strong></span> <span class='ocrx_word' id='word_1_382' title='bbox 2314 2831 2448 2879; x_wconf 89' lang='lat' dir='ltr'><strong>spem</strong></span> 
     </span>
     <span class='ocr_line' id='line_1_33' title="bbox 214 2896 1483 2962; baseline -0.002 -17"><span class='ocrx_word' id='word_1_383' title='bbox 214 2896 303 2947; x_wconf 79' lang='lat' dir='ltr'><strong>atat</strong></span> <span class='ocrx_word' id='word_1_384' title='bbox 316 2931 331 2953; x_wconf 88' lang='lat'><strong>,</strong></span> <span class='ocrx_word' id='word_1_385' title='bbox 368 2897 450 2947; x_wconf 88' lang='lat' dir='ltr'><strong>uhi</strong></span> <span class='ocrx_word' id='word_1_386' title='bbox 483 2898 638 2948; x_wconf 90' lang='lat' dir='ltr'><strong>omnia</strong></span> <span class='ocrx_word' id='word_1_387' title='bbox 666 2899 762 2960; x_wconf 84' lang='lat' dir='ltr'><strong>jam</strong></span> <span class='ocrx_word' id='word_1_388' title='bbox 793 2898 1033 2962; x_wconf 88' lang='lat' dir='ltr'><strong>desperata</strong></span> <span class='ocrx_word' id='word_1_389' title='bbox 1067 2904 1173 2944; x_wconf 89' lang='lat' dir='ltr'><strong>sunt</strong></span> <span class='ocrx_word' id='word_1_390' title='bbox 1204 2910 1259 2943; x_wconf 92' lang='lat' dir='ltr'><strong>ac</strong></span> <span class='ocrx_word' id='word_1_391' title='bbox 1292 2896 1483 2958; x_wconf 86' lang='lat' dir='ltr'><strong>perdita.</strong></span> 
     </span>
    </p>

    <p class='ocr_par' dir='ltr' id='par_1_6' title="bbox 214 2980 2448 3212">
     <span class='ocr_line' id='line_1_34' title="bbox 307 2980 2448 3045; baseline 0.001 -16"><span class='ocrx_word' id='word_1_392' title='bbox 307 2984 309 2986; x_wconf 80' lang='grc'><strong>’</strong></span> <span class='ocrx_word' id='word_1_393' title='bbox 347 2980 408 3030; x_wconf 86' lang='lat' dir='ltr'><strong>At</strong></span> <span class='ocrx_word' id='word_1_394' title='bbox 440 2981 558 3035; x_wconf 80' lang='lat' dir='ltr'><strong>haec</strong></span> <span class='ocrx_word' id='word_1_395' title='bbox 571 3019 585 3038; x_wconf 91' lang='lat'><em>‚</em></span> <span class='ocrx_word' id='word_1_396' title='bbox 628 2997 751 3045; x_wconf 88' lang='lat' dir='ltr'><strong>quae</strong></span> <span class='ocrx_word' id='word_1_397' title='bbox 785 2988 1016 3045; x_wconf 87' lang='lat' dir='ltr'><strong>postrema</strong></span> <span class='ocrx_word' id='word_1_398' title='bbox 1048 2980 1533 3032; x_wconf 85' lang='lat' dir='ltr'><strong>commemoravimus,</strong></span> <span class='ocrx_word' id='word_1_399' title='bbox 1577 2994 1671 3026; x_wconf 89' lang='lat' dir='ltr'><strong>non</strong></span> <span class='ocrx_word' id='word_1_400' title='bbox 1706 2981 1882 3034; x_wconf 89' lang='lat' dir='ltr'><strong>minus,</strong></span> <span class='ocrx_word' id='word_1_401' title='bbox 1929 2995 2068 3043; x_wconf 91' lang='lat' dir='ltr'><strong>quam</strong></span> <span class='ocrx_word' id='word_1_402' title='bbox 2102 2988 2257 3030; x_wconf 89' lang='lat' dir='ltr'><strong>cetera</strong></span> <span class='ocrx_word' id='word_1_403' title='bbox 2270 3016 2282 3037; x_wconf 92' lang='lat'><strong>,</strong></span> <span class='ocrx_word' id='word_1_404' title='bbox 2327 2996 2448 3045; x_wconf 87' lang='lat' dir='ltr'><strong>quae</strong></span> 
     </span>
     <span class='ocr_line' id='line_1_35' title="bbox 214 3061 2447 3129; baseline -0 -15"><span class='ocrx_word' id='word_1_405' title='bbox 214 3061 275 3109; x_wconf 77' lang='lat' dir='ltr'><strong>de</strong></span> <span class='ocrx_word' id='word_1_406' title='bbox 321 3067 476 3115; x_wconf 72' lang='lat' dir='ltr'><strong>animo</strong></span> <span class='ocrx_word' id='word_1_407' title='bbox 520 3071 568 3115; x_wconf 89' lang='lat' dir='ltr'><strong>et</strong></span> <span class='ocrx_word' id='word_1_408' title='bbox 604 3065 810 3114; x_wconf 87' lang='lat' dir='ltr'><strong>moribus</strong></span> <span class='ocrx_word' id='word_1_409' title='bbox 843 3064 1008 3129; x_wconf 81' lang='lat' dir='ltr'><strong>Oedipi</strong></span> <span class='ocrx_word' id='word_1_410' title='bbox 1042 3063 1346 3127; x_wconf 86' lang='lat' dir='ltr'><strong>exposuimus</strong></span> <span class='ocrx_word' id='word_1_411' title='bbox 1360 3100 1394 3120; x_wconf 59' lang='lat'><strong>,„</strong></span> <span class='ocrx_word' id='word_1_412' title='bbox 1435 3064 1496 3112; x_wconf 91' lang='lat' dir='ltr'><strong>ad</strong></span> <span class='ocrx_word' id='word_1_413' title='bbox 1552 3079 1693 3112; x_wconf 87' lang='lat' dir='ltr'><strong>unam</strong></span> <span class='ocrx_word' id='word_1_414' title='bbox 1752 3066 1876 3113; x_wconf 73' lang='lat' dir='ltr'><strong>illam</strong></span> <span class='ocrx_word' id='word_1_415' title='bbox 1933 3067 2198 3127; x_wconf 83' lang='lat' dir='ltr'><strong>tragoediae</strong></span> <span class='ocrx_word' id='word_1_416' title='bbox 2245 3079 2447 3113; x_wconf 88' lang='lat' dir='ltr'><strong>oecono-</strong></span> 
     </span>
     <span class='ocr_line' id='line_1_36' title="bbox 217 3144 2448 3212; baseline 0 -17"><span class='ocrx_word' id='word_1_417' title='bbox 217 3146 357 3195; x_wconf 85' lang='lat' dir='ltr'><strong>miam</strong></span> <span class='ocrx_word' id='word_1_418' title='bbox 389 3144 620 3211; x_wconf 73' lang='lat' dir='ltr'><strong>pertinere</strong></span> <span class='ocrx_word' id='word_1_419' title='bbox 654 3149 873 3200; x_wconf 76' lang='lat' dir='ltr'><strong>dictitant.</strong></span> <span class='ocrx_word' id='word_1_420' title='bbox 942 3149 1043 3206; x_wconf 85' lang='lat' dir='ltr'><strong>Qua</strong></span> <span class='ocrx_word' id='word_1_421' title='bbox 1083 3147 1145 3197; x_wconf 86' lang='lat' dir='ltr'><strong>de</strong></span> <span class='ocrx_word' id='word_1_422' title='bbox 1187 3162 1239 3197; x_wconf 89' lang='lat' dir='ltr'><strong>re</strong></span> <span class='ocrx_word' id='word_1_423' title='bbox 1281 3161 1560 3211; x_wconf 74' lang='lat' dir='ltr'><strong>quamquam</strong></span> <span class='ocrx_word' id='word_1_424' title='bbox 1604 3148 1790 3212; x_wconf 84' lang='lat' dir='ltr'><strong>saepius</strong></span> <span class='ocrx_word' id='word_1_425' title='bbox 1830 3149 1947 3210; x_wconf 85' lang='lat' dir='ltr'><strong>jam,</strong></span> <span class='ocrx_word' id='word_1_426' title='bbox 1982 3148 2113 3212; x_wconf 72' lang='lat' dir='ltr'><strong>‘quid</strong></span> <span class='ocrx_word' id='word_1_427' title='bbox 2155 3149 2448 3198; x_wconf 88' lang='lat' dir='ltr'><strong>sentiendum</strong></span> 
     </span>
    </p>

    <p class='ocr_par' dir='ltr' id='par_1_7' title="bbox 649 3232 1888 3281">
     <span class='ocr_line' id='line_1_37' title="bbox 649 3232 1888 3281; baseline 0.001 -1"><span class='ocrx_word' id='word_1_428' title='bbox 649 3233 658 3242; x_wconf 88' lang='lat'>&#39;</span> <span class='ocrx_word' id='word_1_429' title='bbox 1120 3253 1133 3258; x_wconf 83' lang='lat'><em>·</em></span> <span class='ocrx_word' id='word_1_430' title='bbox 1858 3232 1888 3281; x_wconf 88' lang='grc'><strong>3</strong></span> 
     </span>
    </p>
   </div>
  </div>
 </body>
</html>
