2652 3476
1195 137 1501 186 -3-

236 275 388 336 fmngi
424 286 480 323 ac
526 267 624 322 tolli
654 272 1065 336 'pronuntiandm‘
1126 271 1258 320 Nunc
1289 277 1408 327 vero
1449 275 1553 317 eam
1598 265 1763 316 omnes
1805 280 1914 314 esse
1958 263 2251 314 consentiunt
2266 300 2279 321 ‚
2323 281 2457 329 quae,

235 358 403 411 si³.ulla
434 358 546 413 alia,
582 357 870 421 incorruptos
903 355 1362 424 hominumjanimos.
1389 351 1691 403 vehementer
1714 355 2003 400 commoveat
2030 357 2078 398 et
2110 350 2174 398 ita
2207 358 2258 398 ut
2275 355 2370 415 ‘par
2401 354 2460 401 sit

235 443 416 494 afficiat.
485 442 588 491 Non
620 447 770 504 potest
804 442 939 502 igitur
970 447 1065 495 ea}
1100 454 1240 502 quam
1271 440 1456 493 volunt,
1506 437 1586 485 fati
1619 437 1693 484 vis
1734 436 1784 483 in
1825 448 1885 483 ea
1916 448 2048 489 esse,
2083 435 2170 483 sed
2202 436 2356 497 aliqua
2393 437 2460 499 ip-

236 528 335 578 sius
362 523 526 588 Oedipi
558 524 706 588 culpa:
726 538 839 574 esse
864 524 1028 580 debet,
1070 530 1162 586 qua
1198 523 1399 585 ingentia
1448 522 1534 570 ista
1576 519 1779 569 facinora
1813 518 2058 567 commissa
2095 525 2143 567 et
2176 518 2292 568 dura
2323 521 2483 587 mala,-

237 623 360 673 quae
396 615 558 675 postea
587 608 787 673 ‘sustinet-
800 643 813 664 ‚
860 608 1057 658 excitata
1102 606 1195 657 dici
1239 606 1430 671 possint.
1498 603 1650 667 Atque
1694 616 1800 652 eam
1841 602 2024 667 culpam
2060 617 2090 650 a
2133 602 2282 653 libero
2319 604 2461 654 animi

235 699 366 742 motu
412 698 460 741 et
500 692 735 742 voluntate
777 692 1029 756 profectam
1069 690 1245 755 Oedipo
1290 697 1340 738 a
1371 695 1515 756 poeta
1561 688 1699 738 tribui
1743 687 2060 737 existimamus
2084 684 2148 753 1).
2226 688 2324 739 Hoc
2367 703 2461 752 quo

237 776 379 826 modo
412 776 587 827 dictum
616 777 704 832 sit,
753 777 832 833 iis,
869 791 989 840 quae
1023 777 1125 841 ipsa
1157 775 1310 824 fabula
1345 776 1636 824 continentur
1650 808 1664 829 ‚
1699 772 2112 822 demonstrandum
2145 773 2258 828 en't,
2293 771 2379 822 sed
2412 780 2463 824 ut

238 860 403 911 ordine
445 867 608 926 postea
649 861 904 925 procedere
948 862 1106 917 liceat,
1126 859 1231 915 “ea,
1278 865 1401 922 quae
1438 861 1499 910 ad
1539 874 1640 909 rem
1671 856 1997 907 declarandam
2040 858 2196 907 facere
2229 857 2460 912 videntur,

242 945 630 1009 praemittemus-t
1428 963 1431 964 ⁷

376 1191 529 1253 Atque
560 1192 757 1255 primum
789 1190 979 1252 quidem
1018 1205 1172 1257 neque
1211 1190 1414 1240 alienum
1461 1203 1490 1235 a
1535 1190 1731 1237 consilio
1778 1197 1937 1249 nostro
1979 1205 2132 1253 neque
2175 1191 2335 1241 inutile
2381 1192 2469 1239 erit

242 1274 502 1331 Aristotelis
533 1281 802 1340 praecepta,
833 1288 955 1335 quae
988 1273 1050 1321 ad
1083 1251 1203 1321 hanc
1224 1283 1333 1320 rem
1366 1272 1648 1340 pertineant,
1687 1273 1740 1319 in
1772 1274 2042 1321 memoriam
2074 1287 2311 1322 revocare.
2381 1274 2470 1330 Qui

244 1359 347 1414 ubi,
386 1360 497 1422 quid
530 1361 579 1409 in
618 1341 949 1424 componendis
994 1358 1160 1406 fabulis
1196 1356 1520 1420 spectandum,
1566 1356 1678 1419 quid
1709 1357 1969 1421 <avendum
1997 1358 2079 1413 sit,
2124 1350 2288 1413 docet,
2336 1358 2387 1406 id
2422 1359 2471 1406 in

243 1443 404 1505 primis
436 1445 661 1507 postulat,
704 1451 771 1493 ιιι
793 1444 849 1498 ii,
895 1456 1013 1505 quos
1047 1447 1212 1503 poetae
1245 1453 1354 1488 suas
1379 1442 1445 1491 ιιι
1480 1441 1648 1489 fabulis
1677 1448 1834 1505 partes
1875 1442 2105 1490 sustinere
2137 1443 2306 1498 velint,
2350 1443 2471 1504 ejus-

244 1523 373 1589 modi
397 1523 492 1573 sint
504 1538 523 1578 ,‘
563 1525 643 1586 qui
677 1530 837 1572 natura
872 1538 956 1574 sua
995 1531 1045 1572 et
1083 1524 1290 1571 moribus
1326 1525 1632 1587 spectantium
1676 1525 1856 1574 animos
1902 1532 2029 1574 metu
2072 1534 2120 1575 et
2153 1525 2473 1575 misericordia

246 1606 582 1657 commonente
610 1608 802 1666 ,Negat
845 1612 1001 1654 autem
1033 1606 1082 1655 id
1114 1604 1242 1660 fieri·,
1289 1608 1368 1654 vel
1401 1607 1443 1654 si
1467 1606 1616 1668 ,probi
1654 1605 1873 1654 'homines'
1919 1613 2096 1657 temere
2129 1609 2281 1657 subita
2314 1624 2473 1657 rerum

245 1689 565 1755 vicissitudine
587 1719 594 1725 ·
613 1703 643 1736 e
689 1688 894 1753 secunda
943 1689 992 1738 in
1005 1719 1009 1723 -
1023 1714 1025 1716 ·
1039 1689 1284 1739 adversam
1328 1690 1556 1739 fortunam
1585 1682 1808 1751 'protrudi
1840 1689 2085 1738 videantur
2091 1711 2106 1748 3
2156 1705 2214 1738 ea
2254 1691 2380 1738 enim
2419 1706 2473 1739 re

245 1771 360 1823 nihil
390 1772 484 1822 nisi
512 1770 801 1831 stomachum
828 1780 875 1821 et
915 1771 1274 1836 indignationem
1309 1773 1511 1830 mover13
1554 1774 1631 1822 vel
1677 1774 1718 1822 si
1751 1774 1950 1838 improbi
1987 1779 2051 1823 ex
2083 1773 2284 1823 adversa
2316 1775 2366 1822 in
2400 1790 2474 1823 se-

247 1857 448 1908 cundam
480 1857 711 1906 Fortunam
745 1856 1069 1914 traducantur3
1118 1855 1230 1905 nihil
1263 1856 1387 1905 enim
1415 1870 1444 1906 a
1476 1856 1712 1918 tragoedia
1746 1871 1856 1907 esse
1895 1858 2116 1921 alienius3
2157 1858 2236 1907 vel
2268 1857 2475 1920 denique

248 1943 291 1995 si
311 1942 370 1997 ii,
408 1943 491 2005 qm
517 1943 719 1991 maxime
748 1941 946 2006 improbi
968 1941 1087 1997 sint,
1123 1955 1151 1990 e
1182 1939 1387 1991 secunda
1421 1939 1602 1988 fortuna
1637 1939 1686 1989 in
1707 1938 1964 1990 'adversam
1998 1940 2226 2000 incidant;
2260 1941 2473 1998 excitari,

249 2028 378 2075 enimv
407 2028 469 2074 ita
512 2026 820 2077 humanitatis?
846 2042 1057 2083 sensum,
1100 2026 1462 2075 misericordiam
1493 2031 1539 2073 et
1567 2031 1741 2075 metum
1770 2040 1865 2075 nou
1898 2027 2115 2086 excitari3
2158 2027 2357 2091 relinqui
2389 2027 2476 2090 igi·

249 2117 325 2158 tur
369 2113 631 2160 cossurus
648 2147 660 2167 ,
704 2113 795 2175 quiv
820 2111 973 2160 medii
1014 2112 1267 2159 sint=·inter
1304 2110 1485 2174 probos·
1517 2115 1564 2157 et
1608 2110 1869 2173 improbos,
1913 2111 1994 2173 qui
2038 2126 2192 2174 neque
2220 2111 2392 2159 virtute
2428 2118 2477 2159 et

247 2193 419 2255 justitia
453 2194 714 2249 excellant,·
736 2209 891 2255 neque
924 2199 1110 2257 propter
1138 2193 1473 2258 improbitatem
1501 2200 1559 2257 et·
1582 2195 1831 2256 nequitiam
1872 2195 1958 2244 sed
2005 2201 2194 2260 propter
2236 2203 2476 2259 peccatum

250 2277 438 2340 aliquod
470 2277 610 2326 duras
649 2278 861 2326 fortunae
893 2277 1023 2326 vices
1050 2277 1369 2342 experiantur,
1417 2278 1564 2340 qualis
1601 2278 1660 2326 sit
1689 2278 1894 2343 Oedipus
1930 2285 1978 2328 et
2004 2278 2230 2344 Thyestes
2255 2277 2312 2345 ι).
2380 2281 2477 2330 Pri·

251 2367 381 2419 mum
410 2369 564 2411 autem
597 2366 661 2410 ex
699 2361 772 2409 his
800 2366 1026 2425 apparet,
1069 2362 1230 2424 quales
1263 2361 1533 2409 Aristoteles
1566 2360 1778 2411 homines
1822 2363 1871 2410 in
1917 2363 2167 2425 tragoediis
2203 2380 2312 2414 esse
2346 2364 2475 2420 velit,

254 2448 393 2502 talem
414 2448 491 2496 ·ei⁴
514 2448 668 2496 visum
698 2446 1139 2509 ἴιἰιίεειι-ι.,Οειᾶῐιιιιιιῃ
1184 2444 1274 2494 hoc
1315 2452 1413 2500 est,
1471 2452 1518 2493 et
1563 2445 1784 2507 dignitate
1827 2446 2057 2509 insignem
2099 2456 2147 2497 et
2188 2451 2352 2514 culpae
2394 2450 2478 2498 ob-

253 2534 461 2582 noxium.
485 2532 663 2588 Quae
690 2532 844 2594 culpa
872 2535 965 2593 qu'a
996 2544 1050 2578 re
1080 2534 1312 2581 contracta
1347 2530 1430 2585 sit,
1480 2545 1569 2579 nec
1600 2520 1873 2579 Aristoteles
1913 2530 2085 2579 indicat
2129 2547 2219 2581 nec
2253 2532 2342 2581 hoc
2374 2533 2479 2581 loeo

253 2615 571 2677 quaerendum
603 2615 833 2663 videtur.
872 2605 1051 2662 Deinde
1086 2626 1223 2666 vero
1236 2612 1502 2660 tenebimus
1544 2612 1661 2661 haec
1695 2612 1788 2660 dici
1838 2627 1934 2661 non
1968 2613 2030 2662 de
2061 2614 2254 2680 Oedipo
2272 2617 2478 2687 tragico,

254 2699 343 2749 sed
373 2700 455 2749 de
467 2715 553 2754 eo,
590 2699 674 2760 qui·
703 2704 774 2747 est
794 2697 858 2761 jn
884 2673 1411 2756 tabutn.1ntelligitur
1443 2697 1514 2750 id,
1568 2698 1770 2778 si-Qis
1777 2697 1979 2757 dubitet,
2022 2698 2154 2753 inde,
2198 2700 2326 2761 quod
2355 2700 2480 2747 idem

255 2774 701 2839 Aristoteles-duci&
720 2784 855 2831 antea
888 2789 1049 2888 poetas
1084 2783 1248 2871 omnes
1281 2772 1553 2846 persecu'tos
1586 2797 1695 2832 esse
1728 2767 1922 2837 fabulas,
1958 2788 2054 2830 tum
2087 2797 2203 2832 vero
2238 2780 2286 2831 in
2320 2784 2479 2847 paucis

302 3022 338 3064 1)
384 3024 467 3066 Qui
477 2988 522 3061 dc
542 3023 611 3065 hac
633 3033 674 3058 re
695 2986 932 3078 seripserunt,
936 3025 1119 3076 ,citamur
1132 3024 1171 3059 C.
1193 3024 1228 3059 F.
1252 3026 1442 3074 liu-mann.
1467 3025 1619 3064 Quaest„
1635 2988 1757 3071 oedip.
1774 3030 1816 3068 ιι.
1839 3022 1874 3058 4.
1882 3023 1980 3068 :qui
1995 3032 2096 3068 quae
2118 3023 2293 3067 dixmnt,
2313 3024 2481 3070 equidem

394 3093 467 3120 non
485 3074 718 3120 examinabo:
742 3087 828 3120 satis
853 3072 995 3123 habebo
1019 3095 1137 3139 meam
1161 3086 1399 3151 proposuIsse
1415 3086 1642 3123 sententiam.
1887 3115 1891 3118 .

1473 3142 1520 3163 S·

301 3144 348 3187 2)
396 3145 499 3181 Anat.
521 3137 646 3183 matt:
667 3128 892 3192 2s.·ryrw'1‘1.
1405 3185 1441 3201 μ
1495 3163 1554 3201 x...
1623 3146 1683 3225 x·
1828 3159 1918 3257 .1·
