2652 3476
1154 151 1461 202 -6-

186 300 282 333 uno
324 285 585 346 eodemque
634 300 819 348 semper
860 286 1001 334 modo
1050 287 1105 335 id
1149 287 1331 335 dicitur.
1401 287 1662 342 Queruntur
1704 287 1752 336 id
1793 288 2063 351 plerumque
2101 291 2134 338 ii
2177 293 2295 355 ipsi,
2340 295 2421 355 qui

182 369 316 430 gravi
359 368 511 428 aliqua
560 382 613 414 re
651 372 912 431 perpetrata
959 376 1057 417 tum
1103 369 1318 425 demum,
1369 384 1509 431 quem
1554 370 1798 419 inlocum
1846 371 2036 421 deducti
2082 373 2174 422 sint
2214 374 2420 436 quidque

183 452 486 514 aegritudinis
522 458 569 501 et
602 453 843 501 molestiae
889 454 1013 503 ferre
1048 461 1271 516 cogantur
1285 489 1298 510 ,
1344 452 1558 503 sentiunt.
1629 454 1730 512 Qua
1766 455 1816 504 in
1858 471 1910 504 re
1944 455 1993 505 id
2026 457 2228 524 maxime
2262 465 2417 520 agunt,

184 545 234 585 ιιι
269 538 340 590 id,
386 537 513 597 quod
547 537 876 585 commiserunt
911 539 1096 586 elevent
1130 546 1177 587 et
1210 545 1459 593 excusent,
1507 539 1608 586 sive
1656 537 1733 594 id,
1782 539 1908 600 qnod
1954 540 2015 589 ad
2057 548 2158 589 rem
2206 542 2417 604 perpulit,

182 624 229 668 in
277 622 434 683 aliquo
484 635 598 668 suae
640 623 809 669 mentis
848 626 976 668 motu
1030 637 1137 669 esse
1181 623 1317 668 situm
1367 622 1540 669 conscii
1585 627 1715 674 sunt,
1774 622 1899 676 sive,
1958 624 2008 671 id
2067 609 2193 685 quod
2233 625 2419 686 saepius

180 706 361 758 accidit,
411 706 524 766 quid
578 707 669 752 sibi
716 707 855 768 ipsis,
917 706 1029 766 quid
1043 719 1053 730 ·
1086 707 1389 753 incitamentis
1444 705 1736 752 extrinsecus
1789 706 1936 753 allatis
1985 707 2302 755 tribuendum·
2342 709 2417 761 sit,

181 803 344 837 revera
380 804 474 837 non
509 796 836 852 assequuntur.
906 787 999 837 Sed
1028 789 1256 852 quidquid
1298 787 1346 837 id
1380 793 1474 843 est,
1523 801 1618 836 non
1653 800 1712 836 eo
1751 786 1784 835 ii
1812 787 2092 851 procedunt,
2138 796 2189 839 ut
2232 803 2418 840 omnem

178 872 398 921 facinoris
448 874 631 937 culpam
664 887 703 921 .a
749 888 802 922 se
855 874 1153 929 removeant,
1222 872 1307 922 sed
1351 877 1399 921 ut
1438 870 1561 935 apud
1603 871 1854 920 Homerum
1869 905 1882 926 ,
1945 873 2027 934 qui
2068 872 2204 932 Ἄτης
2255 874 2418 925 fraude

179 964 425 1007 occaecata
472 964 630 1007 mente
673 958 734 1007 ad
777 958 897 1006 mala
940 958 1152 1008 facienda
1207 957 1418 1006 inductos
1458 969 1511 1004 se
1558 955 1754 1018 jactant,
1812 956 1946 1021 culpa
1995 970 2049 1005 se
2105 970 2274 1007 vacare
2322 971 2416 1007 non

175 1041 350 1091 audent
398 1043 557 1092 dicere
574 1078 586 1099 ,
648 1043 711 1090 ita
762 1041 811 1089 hi
857 1034 927 1091 rei
973 1043 1247 1091 commissae
1288 1046 1465 1106 *poenas
1517 1040 1681 1088 merito
1734 1039 1824 1087 sibi
1874 1040 2068 1089 luendas
2111 1055 2219 1090 esse
2275 1040 2416 1090 confi·

175 1132 343 1174 tentur.
432 1129 519 1176 Ubi
570 1142 686 1176 vero
732 1112 810 1174 alii
853 1141 881 1173 a
928 1128 1025 1175 Diis
1065 1127 1276 1175 homines
1318 1126 1379 1173 ad
1414 1125 1624 1171 fraudem
1667 1125 2039 1171 committendam
2079 1126 2187 1172 duci
2236 1126 2409 1179 dicunt,

175 1224 367 1264 revera,
420 1213 545 1259 unde
573 1212 849 1274 'repetenda
896 1226 1038 1259 causa
1087 1212 1303 1259 facinoris
1347 1210 1405 1257 sit
1448 1215 1495 1255 et
1535 1223 1628 1268 quo
1679 1207 1922 1255 referenda
1936 1241 1950 1261 ,
1996 1223 2091 1255 non
2132 1208 2413 1269 intelligunt.

173 1294 466 1355 Quamquam
501 1296 626 1342 enim
662 1297 709 1341 in
745 1297 1035 1349 universum,
1073 1293 1243 1357 quanta
1277 1299 1401 1342 esset
1435 1291 1620 1355 generis
1655 1290 1843 1339 humani
1876 1291 2162 1340 imbecillitas
2198 1298 2247 1340 et
2279 1292 2415 1356 fragi-

173 1377 294 1430 litas,
328 1384 499 1437 quanta
533 1377 721 1423 labendi
741 1377 1077 1439 peccandique.
1095 1375 1373 1439 proclivitas,
1405 1377 1743 1429 intellexerunt,
1775 1382 1928 1422 tamen
1943 1386 2055 1422 ‘non
2089 1375 2138 1423 id
2171 1375 2255 1423 suit
2288 1376 2416 1436 inge·

175 1460 242 1507 nii
288 1473 510 1514 acumen,
557 1466 608 1506 ut
642 1466 689 1506 et
736 1458 1041 1506 infirmitatem
1070 1461 1210 1506 animi
1240 1458 1427 1506 humani
1463 1472 1593 1514 eam,
1639 1454 1867 1521 quaeest
1884 1494 1898 1513 ,
1936 1464 1983 1507 et
2016 1466 2175 1507 veram
2209 1464 2417 1508 natumn

173 1543 275 1604 ejus
290 1577 302 1598 ,
347 1541 474 1604 quod
504 1542 634 1589 nefas
668 1540 854 1595 dicitur,
905 1540 1225 1604 perviderent,
1258 1547 1330 1596 et,
1366 1537 1534 1603 'quanti
1576 1549 1729 1598 esset,
1774 1541 2107 1590 existimarent.
2178 1538 2331 1594 Quare
2374 1539 2416 1587 si

111 1677 129 1690 ,
173 1626 279 1688 quis
314 1625 517 1686 graviter
552 1624 824 1671 offendisset
858 1630 905 1671 et
940 1624 1057 1671 tristi
1097 1625 1174 1676 illa
1209 1638 1264 1671 ac
1297 1625 1470 1685 tragica
1515 1624 1696 1672 fortuna
1734 1624 2093 1677 conflictaretur,
2142 1624 2205 1685 ita
2238 1629 2290 1671 ut
2321 1636 2416 1671 non

174 1721 460 1772 magnopere
500 1714 767 1772 appareret,
812 1721 905 1769 qua
943 1706 1105 1755 fraude
1149 1709 1343 1771 culpave
1388 1708 1436 1755 id
1471 1709 1641 1756 factum
1682 1704 1834 1762 esset,
1889 1706 2002 1753 nihil
2042 1707 2273 1769 reliquum,
2308 1721 2417 1755 esse

174 1791 425 1838 videbatur
440 1824 452 1844 ‚
497 1791 589 1837 nisi
624 1797 676 1836 ut
709 1791 929 1837 divinitus
963 1791 1011 1837 id
1044 1791 1269 1838 accidisse
1304 1792 1527 1839 dicerent.
1595 1792 1735 1838 Poeta
1768 1797 1924 1838 autem
1956 1797 2132 1838 tantum
2164 1792 2297 1839 abest
2311 1823 2324 1845 ,
2365 1798 2417 1839 ut

175 1876 303 1923 Deos
339 1882 555 1922 auctores
590 1873 844 1921 facinorum
874 1888 981 1921 esse
1012 1874 1246 1921 existimet
1265 1873 1327 1921 ⁴et
1357 1875 1556 1922 ludibrio
1583 1873 1764 1922 <habere
1799 1872 2035 1930 homines,
2078 1881 2130 1922 ut
2161 1875 2209 1922 in
2251 1873 2417 1923 horum

173 1958 342 2005 animis
374 1958 550 2005 semina
586 1956 814 2017 quaedam
843 1957 1066 2003 malorum
1081 1990 1094 2010 ,
1141 1971 1170 2003 a
1204 1956 1371 2018 quibus
1405 1960 1549 2007 tristis
1582 1960 1658 2006 illa
1693 1960 1875 2007 fortuna
1904 1959 2076 2007 oriatur
2090 1993 2104 2014 ,
2149 1959 2291 2008 latere
2324 1959 2416 2020 ‘sig-

176 2040 348 2090 nificet.
420 2040 512 2088 Sed
548 2054 691 2102 quum
733 2039 765 2086 ii
810 2039 858 2086 in
883 2039 1154 2101 'cognitione
1189 2045 1235 2088 et
1269 2042 1653 2105 contemplatione
1684 2056 1841 2090 rerum
1875 2041 2135 2090 divinarum
2169 2047 2219 2090 et
2258 2040 2416 2090 huma-

175 2139 339 2174 narum
386 2124 571 2171 termini
613 2123 847 2171 constituti
890 2130 1075 2177 essent,
1126 2131 1176 2171 ut
1211 2130 1258 2172 et
1297 2126 1492 2182 lateret,
1512 2125 1625 2186 'qua
1669 2126 1873 2173 maxime
1920 2126 2100 2173 ratione
2133 2124 2416 2184 singulorum

174 2209 416 2258 hominum
457 2207 639 2255 fortuna
683 2205 902 2255 divinitus
949 2207 1284 2268 gubernaretur
1325 2213 1373 2255 et
1422 2206 1549 2255 unde
1591 2220 1671 2261 ea,
1719 2219 1839 2268 quae
1883 2206 1931 2253 in
1974 2211 2134 2254 natura
2177 2203 2415 2255 hominum

173 2299 335 2342 essent
372 2292 493 2339 mala
512 2325 525 2345 ,
572 2290 872 2351 gignerentur
886 2324 898 2345 ,
944 2291 1356 2339 corroborarentur
1403 2290 1452 2337 in
1486 2289 1832 2353 perniciemque
1862 2288 2071 2352 ‘ipsorum
2103 2295 2411 2354 erumperent,

170 2375 284 2423 nihil
319 2374 586 2435 diligentius
621 2372 995 2436 praecipiendum
1031 2388 1138 2422 esse
1171 2379 1298 2437 putat
1331 2380 1467 2437 poeta
1481 2407 1493 2428 ,
1527 2387 1680 2436 quam
1713 2378 1763 2421 ut
1797 2377 1978 2422 sanctas
2012 2372 2113 2420 illas
2146 2372 2279 2434 leges?
2307 2373 2411 2421 reli-

169 2460 304 2522 giose
336 2465 526 2509 servent
559 2464 606 2506 et
642 2472 804 2506 omnes
839 2458 1157 2506 contentiones
1190 2457 1475 2519 consiliaque
1518 2456 1575 2504 iis
1616 2454 1812 2509 finibus,
1862 2455 1944 2517 qui
1988 2454 2101 2517 ipsis
2142 2456 2410 2526 praesgripti
2435 2470 2448 2481 ,-

170 2545 291 2599 sint,
328 2544 563 2607 sapienter
598 2542 888 2595 contineant,
925 2541 966 2588 si
1000 2555 1221 2604 prospero
1255 2541 1381 2588 vitae
1414 2554 1554 2589 cursu
1588 2540 1654 2587 uti
1688 2540 1874 2587 velint?
1915 2539 2050 2595 Quod
2076 2540 2235 2603 iipsum
2267 2554 2409 2602 quum

172 2628 233 2677 sit
260 2627 456 2675 arduum
496 2632 542 2673 et
584 2625 872 2689 periculosae
912 2625 1042 2672 aleae
1090 2626 1276 2688 plenum
1290 2659 1303 2680 ,
1346 2640 1441 2674 non
1483 2639 1588 2673 raro
1635 2625 1799 2673 molles
1844 2624 1948 2672 illae
1971 2627 2122 2673 voces
2164 2625 2409 2674 audiuntur

170 2717 339 2776 poetae
385 2724 479 2757 non
522 2709 698 2762 minuS‚
742 2722 882 2770 quam
921 2708 1086 2769 reliqui
1134 2700 1370 2771 poetarum
1410 2710 1792 2772 praestantissimi
1837 2709 2035 2763 faciunt,
2099 2710 2408 2758 cumdolore

168 2794 374 2858 quodum
410 2800 457 2840 et
492 2793 685 2840 remissa
718 2793 858 2839 animi
893 2793 1080 2840 lenitate
1114 2798 1161 2838 et
1195 2793 1408 2853 patientia
1445 2795 1583 2842 etiam
1616 2794 1999 2842 fortunatissimae
2040 2808 2117 2842 res
2147 2796 2406 2843 mortalium

169 2878 370 2926 incertas
414 2882 461 2924 et
506 2874 705 2923 caducas
755 2889 862 2923 esse
896 2874 1134 2937 querentis
1182 2880 1229 2922 et
1262 2875 1338 2923 vel
1384 2890 1511 2931 „non
1530 2877 1707 2926 *nasci“
1752 2877 1890 2939 lo‘n'ge
1930 2879 2164 2939 praestare
2205 2891 2406 2941 pronun-

170 2961 342 3010 tiantis.
2173 2971 2177 2975 ·

305 3044 406 3091 Iam
439 3057 555 3092 vero
591 3043 632 3091 si
666 3056 970 3104 quaeremus,
1005 3057 1122 3105 quas
1156 3033 1311 3106 partes
1346 3043 1440 3098 fati,
1476 3043 1603 3106 quod
1634 3044 1912 3094 vocabulum
1945 3059 1998 3094 re
2029 3045 2242 3109 exposita
2276 3050 2401 3093 tene-

168 3128 346 3183 bimus,
393 3128 440 3175 in
490 3125 577 3176 hac
617 3126 861 3192 Sophoclis
918 3127 1155 3189 tragoedia
1198 3134 1336 3192 poeta
1378 3141 1485 3177 esse
1527 3129 1751 3184 voluerit,
1796 3127 1989 3179 eaedem
2034 3130 2155 3184 fere,
2191 3127 2401 3191 quaein
