2652 3476
1159 168 1499 218 ...13-

218 312 418 364 suluisse
439 311 636 360 videtur.
692 309 789 359 Hoc
809 306 919 357 inde
939 307 1192 357 existimari
1213 312 1382 372 potest,
1418 306 1545 370 quod
1568 320 1675 356 eum
1697 312 1794 355 tum
1816 312 2054 368 grassante
2071 290 2329 369 pestilentia
2349 319 2442 354 non

215 402 321 444 ante
347 396 442 456 jam
476 392 719 449 consuluit,
741 408 879 455 quam
895 392 1096 456 Delphos
1118 393 1377 442 consultum
1399 390 1538 446 misit,
1574 389 1700 452 quod
1721 403 1817 438 non
1841 403 1943 444 suo,
1975 388 2062 437 sed
2079 388 2302 445 Creontis,
2333 403 2442 437 con-

216 480 320 528 silio
350 478 616 532 arcessivit,
651 477 701 525 id
728 476 854 539 quod
885 476 1073 524 minime
1100 477 1165 523 ita
1198 488 1290 522 una
1319 473 1583 535 tragoediae
1614 472 1948 536 compositione
1981 472 2151 520 factum
2184 479 2281 527 est,
2316 470 2445 533 quod

216 565 316 627 ipse
364 562 426 609 ita
469 561 530 609 de
579 575 637 609 eo
686 560 910 629 loquitur,
962 565 1014 607 ut
1064 559 1166 620 ejus
1220 557 1460 607 scientiam
1500 572 1589 605 usu
1639 557 1869 618 cognitam
1915 555 2090 604 habere
2146 569 2240 603 non
2301 555 2446 618 possit

199 644 282 712 (v.
317 642 452 709 433.)
466 678 479 700 ,
516 643 717 705 denique
752 643 877 706 quod
922 644 984 692 ita
1014 642 1202 692 demum
1236 656 1426 692 causam
1450 657 1570 713 ¹'esse
1612 642 1899 703 intelligitur,
1947 655 2030 689 cur
2064 645 2219 688 vatem
2253 652 2447 700 regnum

217 745 244 778 a
279 745 331 779 se
364 728 425 777 ad
459 728 701 775 Creontem
741 726 1064 775 translaturum
1106 741 1213 776 esse
1259 727 1518 790 suspicetur
1558 723 1622 790 (v.
1658 721 1810 789 400).
1880 725 1996 771 Nam
2044 724 2085 771 si
2128 722 2253 786 apud
2296 722 2445 785 ipsum

217 813 380 863 eadem
420 811 582 859 fuisset
621 809 910 865 auctoritate,
933 809 1041 873 vqua
1082 809 1206 875 apud
1239 810 1482 858 Creontem
1528 810 1707 858 futurus
1741 824 1848 858 esse
1881 807 2125 873 putabatur
2138 842 2152 862 ,
2200 805 2313 869 quid
2349 813 2446 853 tan·

216 897 326 946 dem
359 893 611 957 impelleret
644 892 705 941 ad
745 907 825 941 eas
862 893 1067 949 insidias,
1103 907 1220 955 quas
1253 893 1420 941 moliriv
1437 893 1678 955 arguitur?
1700 882 1713 898 ⁸
1745 893 1942 940 Omnino
1975 907 2091 940 vero
2127 889 2239 939 nihil
2276 903 2446 938 causae

216 978 462 1028 videbatur
492 989 598 1025 esse
632 974 833 1039 Oedipo,
881 990 1023 1038 quare
1039 1027 1041 1029 ,
1060 975 1336 1025 consuleret.
1407 976 1524 1024 Nam
1557 975 1634 1024 cui
1668 975 1768 1038 ipse
1802 974 1974 1035 ingenii
2007 974 2219 1023 acumine
2254 973 2447 1036 praesti·

217 1063 372 1116 tisset‚
415 1058 527 1122 quid
571 1073 679 1107 eum
724 1059 770 1106 in
822 1059 1065 1108 consilium
1107 1058 1385 1108 adhiberet?
1452 1058 1554 1106 Hoc
1598 1071 1713 1105 vere
1758 1057 2013 1105 existimari
2060 1070 2124 1105 ex
2170 1056 2227 1104 iis
2262 1070 2448 1118 quoque

219 1144 485 1206 intelligitur
501 1177 513 1199 ,
571 1155 691 1204 quae
734 1155 761 1188 e
805 1141 999 1190 Creonte
1041 1143 1221 1205 quaerit
1274 1149 1320 1191 et
1356 1142 1484 1192 audit
1542 1144 1609 1202 (v.
1642 1140 1739 1190 555
1770 1141 1942 1204 seqq.)‚
2022 1129 2172 1202 Atque
2214 1138 2290 1189 hic
2331 1140 2450 1189 vatis

217 1222 504 1292 contemptus
553 1227 738 1274 omnino
784 1223 987 1274 Deorum
1033 1227 1209 1275 cultum
1259 1240 1366 1275 eum
1424 1227 1690 1288 neglexisse
1742 1231 1790 1274 et
1849 1224 2184 1287 contempsisse
2233 1222 2448 1272 ostendit·

214 1313 378 1361 Postea
409 1306 531 1359 enim
565 1307 763 1374 primum
796 1310 936 1373 impia
964 1311 1042 1358 illa
1071 1311 1284 1359 locastae
1318 1309 1454 1367 dicta,
1482 1324 1603 1374 quae
1642 1310 1837 1371 castigat
1871 1310 2023 1358 statim
2058 1308 2229 1358 chorus
2270 1309 2450 1357 cantico

211 1395 392 1460 pietatis
420 1393 701 1457 plenissimo,
740 1393 840 1455 ipse
866 1393 1032 1455 probat
1061 1394 1128 1452 (v.
1154 1392 1270 1442 857.
1298 1392 1362 1457 ¹);
1390 1400 1487 1441 tum
1516 1393 1741 1457 respensa
1766 1392 1990 1455 Apollinis
2018 1391 2148 1439 nihili
2167 1391 2452 1439 aestimanda

212 1492 319 1524 esse
339 1478 480 1535 jactat
494 1472 561 1535 (v.
575 1470 735 1535 964.»
768 1473 971 1536 denique
994 1475 1124 1536 quod
1140 1474 1289 1522 Creon
1309 1490 1433 1531 eum,
1453 1491 1596 1537 quum
1614 1477 1727 1536 jam,
1750 1475 1920 1536 quibus
1946 1476 1994 1522 in
2010 1476 2143 1523 malis
2169 1482 2450 1524 versaretur,

212 1551 542 1612 intellexisset,
590 1554 703 1603 nihil
737 1555 840 1604 sine
871 1555 1074 1605 Deorum
1104 1557 1293 1627 numine
1323 1555 1587 1607 ‘faciendum
1621 1574 1728 1608 esse
1763 1566 1922 1607 monet
1955 1566 2003 1607 et
2039 1560 2097 1608 iis
2128 1560 2451 1624 obtemperare

208 1640 339 1702 jubet
353 1640 384 1694 ,’
408 1639 470 1687 ad
513 1638 711 1686 eandem
743 1653 843 1688 rem
876 1633 1174 1703 probandam.
1202 1641 1401 1704 pertinet
1421 1639 1518 1706 2),
1565 1641 1777 1690 Ceterum
1811 1641 1873 1690 ad
1912 1642 2088 1705 reliqua
2133 1643 2276 1690 animi
2319 1643 2448 1697 vitia,

213 1737 333 1787 quae
369 1723 466 1784 jam
499 1723 783 1779 notavimus,
830 1729 923 1772 tam
957 1738 1112 1788 prope*
1149 1723 1329 1773 accedit
1360 1724 1562 1773 Deorum
1596 1730 1906 1788 contemptus,
1954 1731 2006 1773 ut
2044 1725 2085 1773 si
2125 1724 2240 1773 nihil
2287 1724 2349 1774 de
2393 1740 2452 1774 eo

212 1807 386 1856 dictum
420 1813 568 1861 esset,
603 1806 737 1855 facile
771 1821 880 1854 eum
912 1807 959 1854 in
993 1808 1146 1857 animo
1182 1808 1282 1869 ejus
1315 1808 1504 1856 latuisse
1537 1807 1769 1855 crederes.
1839 1806 1974 1862 Quod
2003 1813 2101 1855 tum
2133 1821 2275 1863 vero,
2307 1821 2453 1870 quum

213 1905 276 1938 ex
316 1892 538 1953 angustiis
585 1906 638 1940 se
678 1891 902 1955 expedire
942 1905 1038 1938 non
1086 1886 1226 1954 posse
1262 1891 1466 1945 videtur,
1514 1891 1575 1939 ad
1603 1891 1727 1939 Deos
1766 1898 1814 1938 et
1854 1898 1987 1939 vates
2031 1892 2264 1953 confugit,
2311 1905 2453 1954 quam

212 1974 414 2022 maxime
446 1987 633 2037 parcum
659 1973 864 2021 Deorum
896 1973 1118 2021 cultorem
1152 1988 1259 2022 eum
1292 1988 1397 2022 esse
1433 1981 1478 2021 et
1511 1974 1785 2035 religionum
1810 1974 2120 2035 negligentem
2148 1974 2451 2024 demonstrat.

351 2057 441 2106 Sed
476 2064 524 2105 ut
559 2070 695 2120 supra
726 2057 821 2117 jam
854 2056 1055 2105 vidimus
1089 2053 1317 2121 Oedipum
1351 2071 1408 2106 ea
1421 2092 1434 2113 ,
1479 2071 1600 2119 quae
1642 2058 1843 2105 maxime
1877 2064 1985 2105 ante
2020 2059 2182 2107 oculos
2216 2060 2453 2123 preposita

216 2146 373 2199 essent
387 2175 400 2196 ‚
437 2156 529 2189 non
544 2142 727 2205 ⁴videre
760 2149 806 2191 et
839 2141 900 2191 ad
927 2143 1175 2191 remotiora
1208 2157 1394 2206 semper
1428 2143 1671 2199 festinare,
1713 2144 1775 2191 ita
1808 2142 1898 2192 hoc
1939 2143 2043 2192 loco
2085 2143 2224 2206 plane
2258 2159 2367 2192 eum
2403 2145 2451 2192 in

219 2225 318 2275 sole
361 2224 559 2286 caligare
601 2225 854 2286 offusisque
898 2226 1041 2273 menti
1092 2225 1298 2274 tenebris
1341 2226 1388 2273 in
1432 2226 1491 2274 iis
1510 2261 1523 2281 ,
1578 2240 1698 2288 quae
1732 2227 1995 2291 adipsum
2036 2228 2292 2292 pertinent,
2340 2227 2452 2276 nihil

219 2308 474 2371 intelligere
507 2313 706 2372 apparet.
776 2307 976 2357 Tiresias
1021 2308 1146 2357 enim
1179 2308 1360 2372 culpam
1391 2308 1547 2358 caedis
1583 2308 1842 2374 expiandae
1887 2311 1935 2358 in
1973 2325 2025 2359 se
2059 2311 2271 2359 collatam
2305 2311 2365 2358 ita
2401 2312 2449 2359 in

218 2393 344 2441 illum
377 2392 545 2455 rejicit,
589 2398 638 2441 ut
666 2405 773 2441 eum
806 2391 959 2456 ipsum
990 2391 1086 2441 Laii
1119 2406 1442 2457 percussorem
1474 2408 1605 2450 esse,
1650 2409 1736 2445 suo
1770 2394 1923 2446 edicto
1958 2394 2469 2458 exsecrationibusque,

266 2603 299 2647 1)
353 2604 398 2643 cf.
430 2614 464 2641 v.
496 2604 586 2642 9⁷⁷:
628 2603 700 2642 on.
731 2602 768 2639 π’
790 2600 827 2640 δ’
853 2601 900 2640 ἄν
920 2600 1052 2650 φοβυῖἓ
1077 2602 1287 2655 ἅνθρωπος,
1311 2598 1340 2652 ᾗ
1359 2602 1408 2642 τὰ
1429 2608 1493 2655 τῆς
1515 2606 1624 2656 τύχης

238 2679 240 2681 ’
657 2683 659 2685 -
721 2668 865 2715 κρατεῖ,
887 2665 1038 2715 πρόνοια
1060 2664 1098 2703 δ’
1124 2666 1214 2703 ioth
1238 2665 1375 2708 οὗδενός
1396 2668 1527 2717 σαφήςς

719 2727 836 2776 εἶκῆιι
817 2728 1001 2779 κράτιστον
1024 2728 1086 2780 ζῆν
1106 2727 1200 2771 ὅπως
1222 2729 1366 2769 δύναιτό
1386 2739 1454 2772 τις.

722 2807 1115 2829 -----
1102 2790 1185 2829 ’λλᾶ
1206 2806 1277 2829 του
1260 2792 1317 2830 ‘’st
1340 2790 1410 2839 ὅτῳ

716 2851 849 2904 πὰρό
829 2852 1041 2899 οῧδῦνέπι,
1064 2854 1180 2904 ρᾷοτα
1200 2854 1363 2901 τηβίον
1383 2857 1480 2906 φέρει

354 2915 408 2951 Ad
437 2924 480 2952 ea
510 2916 682 2962 Oedipus:
716 2918 830 2957 aaa&
851 2914 998 2954 um
1017 2915 1123 2954 ταῦτ’
1149 2916 1196 2953 ἄν
1217 2917 1368 2967 δεεὶρητό
1391 2931 1459 2965 σοι,

719 2975 751 3013 εἴ
770 2976 844 3026 μὴ,
865 2975 976 3028 ἐὗρε
998 2976 1078 3021 ξεῖν’
1104 2976 1310 3026 ictuum.
1394 3012 1396 3015 Α

355 3041 439 3097 Non¹
456 3042 541 3076 sunt
562 3042 681 3097 autem
703 3041 794 3079 haec
817 3043 989 3079 commoti
1009 3043 1134 3087 animi,
1162 3043 1228 3079 sed
1257 3044 1446 3089 tranquille
1473 3044 1699 3085 deliberantis
1729 3058 1848 3096 eoquo
1878 3050 1991 3097 magis
2016 3058 2110 3096 quae
2141 3049 2188 3085 sit
2216 3050 2293 3093 qius
2321 3052 2447 3084 natura

356 3105 556 3139 monstnre
576 3107 741 3149 possunt.

266 3160 304 3205 2)
361 3171 396 3198 v,
421 3163 525 3201 1445:
546 3163 606 3200 καὶ
626 3161 697 3215 γὰρ
722 3163 764 3202 σὺ
787 3168 864 3204 νῦν
887 3165 984 3213 γ’ἄν
1003 3168 1054 3216 τᾷ
1076 3168 1163 3214 θεῷ’
1184 3167 1301 3205 πὶπον
1323 3170 1450 3220 φόροις.
