2652 3476
1174 125 1513 175 ..15-

236 266 503 330 sapientiam
535 264 778 313 admiranti
822 265 884 311 ita
921 261 1204 313 stomachum
1233 268 1403 316 movet,
1435 268 1485 309 ut
1516 262 1641 310 illum
1675 275 1864 309 causam
1898 274 2029 308 suam
2059 261 2218 308 dicere
2242 269 2368 309 vetet
2401 270 2463 316 et,

234 350 346 413 quid
394 351 484 415 ipsi
517 350 578 398 de
622 349 699 397 illo
742 346 843 396 fieri
903 347 1082 410 placeat
1098 382 1112 402 ‚
1168 347 1382 395 ferociter
1430 347 1564 409 plane
1612 360 1696 408 pro
1709 386 1716 408 ·.
1744 345 1939 408 imperio
1976 344 2229 393 decernere
2263 346 2374 392 velit
2400 345 2463 408 ¹).

234 433 461 483 Pervincit
511 438 665 480 tamen
708 431 877 485 Creon,
930 435 979 479 ut
1024 444 1210 480 causam
1255 429 1507 479 defendere
1550 430 1707 485 liceat,
1763 436 1810 478 et
1865 430 2057 478 crimina
2070 465 2083 484 ‚
2134 430 2310 491 'quibus
2355 431 2465 479 satis

235 517 447 581 speciose
495 515 817 563 circumveniri
879 513 1177 569 videbatur&
1212 514 1363 562 inania
1403 529 1509 562 esse
1555 514 1693 562 docet
1748 511 1813 577 (v.
1852 511 1950 562 583
1986 511 2155 576 seqq.)-
2237 514 2329 562 Sed
2372 530 2465 562 non

233 601 331 647 vult
365 600 551 647 edoceri
584 599 750 664 melius
785 596 986 661 Oedipus
1008 594 1077 663 2).
1151 596 1303 653 Quare
1317 631 1331 653 ‚
1379 602 1658 660 quamquam
1703 596 1954 661 prudenter
1994 598 2227 661 principes
2270 599 2466 648 civitatis

234 684 532 732 dehortantur
577 683 643 749 (v.
676 682 838 748 616.,)
886 689 974 731 stat
1015 689 1168 730 tamen
1209 683 1435 730 sententia
1477 681 1715 730 vindicare
1758 681 2010 752 supplicio,
2056 695 2196 743 quam
2241 683 2466 746 concepit,

235 770 543 831 suspicionem
587 775 634 815 et
666 775 862 816 metum:
912 767 1128 816 incolumi
1161 768 1284 815 enim
1317 767 1511 826 Creonte
1541 780 1594 814 se
1628 773 1751 813 stare
1786 780 1924 829 posse
1958 766 2176 829 desperat
2208 764 2274 830 (v.
2312 764 2464 830 658..)

234 852 322 906 Qui
357 866 500 913 quum
535 852 709 912 regiam
743 852 1017 899 sententiam
1052 858 1233 898 temere
1271 852 1605 913 pronuntiatam
1640 863 1747 897 esse
1781 856 2000 911 queratur
2033 864 2121 897 nec
2154 850 2381 913 patienter
2417 857 2465 898 et

235 933 467 982 humiliter
501 934 622 981 ferre
656 936 792 989 velit,
838 935 993 983 ita-ad
1026 935 1360 983 exsecrabilem
1402 935 1516 981 iram
1545 941 1592 982 et
1626 934 1829 980 furorem
1864 933 2104 987 efferatur,
2156 940 2205 980 ut
2228 934 2325 993 jam
2354 934 2465 981 nihil

235 1033 373 1083 supra
408 1034 515 1068 esse
540 1019 686 1082 possit
709 1017 766 1084 3).

371 1103 439 1150 Eo
473 1110 629 1150 autem
661 1118 803 1165 quum
837 1102 1036 1150 deducta
1068 1117 1146 1150 res
1181 1103 1262 1157 sit,
1295 1109 1346 1150 ut
1377 1101 1520 1149 animi
1555 1100 1727 1147 ferocia
1761 1106 1809 1147 et
1842 1100 2080 1149 iracundia
2108 1116 2201 1149 non
2233 1102 2326 1161 jam
2358 1116 2466 1164 pos-.

237 1187 295 1233 sit
329 1187 504 1243 intendi
537 1189 683 1250 magis
717 1195 764 1236 et
799 1189 969 1249 augeri,
1004 1188 1130 1236 unde
1163 1188 1357 1250 profecti
1395 1187 1539 1242 simus
1575 1184 1874 1247 respiciamus
1898 1199 2084 1246 quoque
2113 1187 2464 1249 pervenerimus
2546 1225 2553 1228 .

234 1268 489 1319 videamus-
557 1272 654 1321 Hoc
687 1272 824 1333 igitur
856 1272 1141 1335 propositum
1170 1271 1346 1333 Oedipo
1381 1273 1528 1319 fuerat
1542 1306 1555 1325 ‚
1589 1277 1639 1318 ut
1666 1271 1764 1318 Laii
1799 1259 2101 1332 percussores
2133 1271 2359 1333 reperiret
2394 1284 2465 1318 re—

235 1359 485 1417 pertosque
518 1357 590 1403 vel
638 1370 820 1405 summo
864 1357 1088 1420 supplicio
1129 1355 1336 1403 afficeret
1375 1355 1453 1402 vel
1491 1369 1519 1402 e
1554 1354 1700 1416 patria
1740 1352 1929 1412 ejiceret
1966 1359 2104 1413 atque
2150 1354 2212 1399 ita
2252 1353 2467 1401 afflictam

234 1437 494 1498 pestilentia
528 1439 759 1486 civitatem
803 1436 1042 1501 erigeret.‘
1083 1438 1157 1487 Ad
1199 1452 1303 1486 eam
1346 1452 1446 1486 rem
1480 1451 1644 1484 omnes
1680 1436 2005 1496 cogitationeS,
2056 1436 2272 1490 consilia,
2316 1436 2469 1484 studia

235 1517 487 1564 contulerat
524 1525 571 1565 et
602 1522 851 1581 contulisse
875 1520 1026 1583 videri
1044 1520 1247 1568 volebat.
1317 1519 1408 1567 Sed
1432 1519 1544 1579 quid
1568 1520 1834 1581 peragitur?
1902 1518 2128 1565 Nimirum
2158 1532 2215 1565 ea
2240 1519 2342 1582 ipsa
2368 1535 2462 1574 res,

235 1603 356 1660 quae
407 1602 668 1661 quaeritur,
719 1616 750 1648 e
790 1605 1059 1664 conspectu.
1079 1603 1327 1658 aufertur„
1366 1602 1501 1650 simul
1544 1604 1599 1649 ac
1641 1602 1839 1649 Tiresias
1887 1602 1935 1648 in
1974 1607 2275 1664 conspectum
2321 1603 2464 1658 venit,

236 1696 388 1744 eoque
421 1683 603 1745 longius
635 1684 828 1739 recedit,
863 1699 955 1745 quo
988 1684 1190 1748 apertius
1225 1685 1266 1734 is
1299 1685 1382 1740 id,
1405 1685 1534 1747 quod
1559 1685 1762 1750 Oedipus
1796 1687 2009 1751 postulet,
2045 1687 2103 1733 in·
2126 1686 2331 1734 medium
2361 1702 2467 1750 pro-

236 1766 433 1815 laturum
468 1770 523 1816 se
566 1783 674 1816 esse
711 1772 890 1829 negat*
932 1769 1103 1819 Verum
1134 1776 1237 1824 -est,
1290 1771 1531 1819 arcessivit
1564 1771 1768 1834 Oedipus
1810 1778 1964 1819 vatem
2000 1771 2283 1834 reipublicae
2326 1785 2468 1820 causa

238 1857 284 1898 et
312 1851 595 1915 reipublicae
630 1853 817 1901 nomine
858 1869 966 1902 eum
1000 1854 1198 1901 salutare
1242 1853 1484 1902 consilium
1518 1854 1685 1902 afferre
1721 1856 1983 1915 Justamque
2027 1856 2201 1917 patriae
2232 1858 2468 1903 communi

236 1934 442 1983 omnium
486 1935 664 1998 parenti
696 1936 907 1997 gratiam
930 1937 1106 1984 referre
1145 1937 1277 1997 Jubet
1315 1935 1380 2000 (v.
1418 1937 1550 1994 303..
1571 1935 1720 2000 322).
1791 1938 1881 1984 Sed
1925 1938 2006 1983 ubi
2040 1938 2260 1991 Tiresias,
2313 1940 2374 1984 ita
2417 1947 2468 1985 ut

235 2016 385 2081 supra.
407 2018 609 2066 vidimus
623 2052 636 2073 ,
681 2017 809 2080 quod
838 2019 1024 2080 jubetur
1058 2020 1270 2082 proloqui
1298 2027 1505 2075 recusat,
1559 2021 1764 2084 Oedipus
1796 2021 1948 2069 statim
1983 2020 2043 2068 ad
2079 2022 2194 2068 iram
2227 2021 2465 2085 abripitur,

234 2107 282 2149 et
313 2101 499 2149 acerbis
531 2116 640 2149 eum
673 2101 1028 2162 criminosisqu'e
1065 2102 1223 2149 verbis
1241 2102 1521 2150 insectatur.
1593 2104 1746 2151 Oritur
1778 2106 2029 2160 altercatio,
2060 2106 2230 2167 regerit
2264 2106 2466 2153 Tiresias

235 2197 314 2238 ea,
357 2180 529 2244 quibus
556 2183 616 2228 ab
647 2183 812 2245 Oedipi
846 2184 1049 2232 facinere
1091 2183 1287 2232 civitatis
1326 2187 1442 2232 mala
1482 2188 1687 2248 profecta
1723 2202 1830 2236 esse
1863 2190 2079 2252 apparet,
2121 2195 2169 2236 et
2198 2188 2246 2237 id
2276 2190 2467 2237 omnino

234 2281 325 2315 suo
356 2265 507 2326 eo'que
540 2264 698 2313 divino
723 2265 829 2325 jure
862 2281 975 2313 usus
998 2267 1124 2327 agit,
1170 2274 1222 2313 ut
1254 2267 1304 2313 id
1341 2268 1565 2329 intelligat
1595 2269 1800 2333 Oedipus
1840 2278 1886 2317 et
1929 2272 2151 2320 liberetur
2184 2272 2318 2321 clade
2351 2259 2464 2321 civi·

233 2358 319 2399 tas.
390 2348 594 2411 Oedipus
629 2354 787 2396 contra
815 2349 1071 2396 communis
1100 2350 1274 2397 civium
1306 2351 1572 2399 calamitatis
1606 2366 1798 2416 prorsus
1832 2352 2001 2403 oblitus
2043 2361 2169 2405 totus
2215 2356 2263 2403 in
2292 2369 2376 2405 sua
2412 2370 2463 2403 re

283 2619 322 2661 1)
373 2615 451 2653 038.
475 2628 510 2653 v.
536 2619 623 2654 548:
647 2617 748 2653 τοῦθ
775 2616 1150 2667 arithmis-onwan?
1176 2614 1415 2658 &meme
1436 2618 1539 2661 κακός

371 2682 442 2728 Κρ.
491 2700 629 2709 ——
668 2684 760 2717 ἴοις
771 2682 1357 2729 νομέζεκηῆματὴναῦθαδιαν
1404 2687 1475 2727 ,“

649 2737 740 2782 ειναί
759 2757 795 2781 τι
816 2748 881 2781 τοῦ
904 2747 967 2781 νοῦ
985 2746 1112 2794 χωρίς,
1137 2758 1179 2780 ου
1182 2743 1343 2794 abab&
1367 2759 1468 2795 φρονε
1470 2750 1499 2786 ἴς
1849 2773 1855 2778 .

373 2806 417 2838 Ut
439 2815 550 2850 supra
571 2808 722 2843 Tiresias
744 2806 810 2853 τὴν
832 2805 922 2849 ὁμοῦ
944 2808 1044 2843 ναίον
1025 2807 1109 2842 vem
1132 2805 1256 2856 ὀργῆν,
1280 2809 1329 2844 ita
1351 2810 1387 2844 h
1411 2810 1433 2844 Ι.
1457 2810 1571 2846 Creon
1590 2811 1673 2855 jure
1696 2806 1880 2845 αὐθαδίαν
1904 2808 2106 2856 exprobrat.

281 2868 319 2910 2)
379 2865 456 2902 Οἶδ.
481 2869 590 2911 λέγειν
612 2868 654 2904 σὺ
678 2869 811 2913 δεινὸς,
834 2869 1085 2911 nmedve’ud
1111 2869 1175 2914 ἐγώ
1199 2869 1313 2909 κακός.

284 2929 321 2971 3)
366 2938 401 2964 v.
424 2928 512 2965 628:
544 2930 616 2977 Κρ.
651 2927 681 2965 εἰ
715 2931 753 2965 δέ
775 2931 886 2977 ξυνίης
906 2932 1032 2978 μηδὲνς
1066 2930 1142 2967 Οἶδ.
1175 2931 1321 2981 ἀρκτέον
1342 2930 1465 2977 γ’ὅμως
1488 2935 1523 2968 h.
1548 2944 1577 2969 e.
1605 2936 1691 2969 mihi
1722 2935 1973 2979 imperandum
1996 2938 2053 2971 vel
2077 2937 2131 2971 sic
2162 2939 2232 2977 est,
2262 2945 2383 2971 meum
2410 2943 2465 2972 est

373 2994 551 3037 imperare
572 2994 636 3028 tibi
658 2997 694 3029 et
714 2995 880 3030 omnibus
903 2995 1051 3037 civibus,
1075 2995 1178 3030 vobis
1203 2996 1370 3030 omnibus
1392 2996 1601 3041 parendum,
1625 2997 1722 3033 dieto
1737 2997 1833 3037 ‚anthi
1854 2999 2042 3035 audientes
2065 3008 2146 3034 esse
2163 2998 2310 3034 debetis.
2358 3000 2464 3041 Quod

378 3054 539 3098 sequitur
561 3052 661 3089 οὗτοι
682 3057 794 3094 κακοῖς
816 3053 847 3100 γ’
872 3053 1043 3102 ἄρχοντος
1065 3065 1120 3091 sc.
1146 3054 1236 3089 ἐστὶν
1257 3053 1395 3103 donn:
1429 3059 1501 3094 hoc
1532 3052 1633 3095 facile
1659 3060 1878 3107 intelligitur,
1908 3073 2023 3108 quum
2049 3066 2294 3109 antegressum
2317 3060 2464 3109 ἀρκτέον

380 3117 562 3160 tanttdexn.
571 3119 619 3155 sit
641 3120 766 3164 quanti
788 3118 847 3161 apt
870 3119 923 3155 δεῖ
943 3116 1076 3166 ἄρχειν.
1125 3120 1178 3154 Ita
1201 3119 1286 3154 nibil
1308 3119 1538 3157 obscuritatis
1561 3127 1600 3159 et
1619 3124 1826 3160 offensionis
1847 3125 1886 3160 in
1908 3125 1965 3161 his
1987 3125 2118 3161 verbis.
