2652 3476
1110 111 1448 162 ...20-

161 255 286 303 enim
322 258 457 316 poeta
492 250 677 312 collegit
712 257 758 299 et
788 250 961 306 attulit,
1008 253 1065 300 ut'
1106 258 1153 301 et
1170 252 1230 300 in
1264 250 1389 299 bona
1429 256 1476 299 et
1521 248 1762 314 splendida
1801 248 1983 297 fortuna
2015 245 2253 309 videretur
2287 264 2395 301 con-

162 341 344 402 stitutus
395 346 441 386 et
486 337 627 385 nimio
674 337 747 385 sui
794 336 947 386 studio
977 352 1219 401 *pravaque
1274 337 1506 400 dignitatis
1554 336 1770 400 opinione
1813 335 1861 383 in
1906 350 2133 384 errorem‘
2161 334 2395 400 abi-epus.

160 422 363 470 Primum
404 426 558 468 autem
574 455 588 475 ,
634 433 726 482 qua
781 419 829 468 in
883 435 934 469 re
970 423 1174 471 variatur
1227 423 1311 477 ita,
1362 427 1414 470 ut
1446 435 1640 490 puerum
1688 436 1810 477 eum¹
1828 418 1958 484 apud
1981 425 2191 481 agrestes
2237 417 2393 469 humili

161 518 298 552 usum
332 505 456 552 cultu
491 504 679 564 degisse
713 503 863 551 ferant
877 538 890 558 ,
939 505 1062 568 apud
1094 506 1320 570 Polybum
1355 506 1690 555 Corinthiorum
1724 520 1883 567 regem
1913 504 2233 559 educatur-et,
2272 516 2382 566 qno(

161 603 254 635 non
292 588 393 634 sine
437 600 576 633 causa
618 593 711 632 tam
759 594 974 635 accurate
1017 590 1207 644 dicitur,
1261 591 1436 653 Polybo
1472 597 1518 637 et
1550 590 1759 652 Meropa,
1785 588 1886 648 ejus
1934 587 2084 634 uxore
2130 587 2379 649 parentibm
2458 610 2466 614 -

163 672 301 726 utitur
358 670 685 717 amantissimis
737 678 784 718 et
834 672 1247 733 indulgentissimis
1264 708 1278 728 ,
1335 673 1503 734 quippe
1541 686 1682 732 quum
1738 671 1902 719 unicus
1946 684 2108 718 eorum
2149 667 2397 716 haberetur

160 752 294 803 filius.
366 753 570 808 Deinde,
621 768 764 814 quum
798 754 843 801 in
878 771 1008 817 spem
1039 757 1169 817 regni
1199 755 1386 805 educari
1419 758 1682 817 putaretur,
1743 754 1791 802 in
1838 767 2031 803 summo.
2070 751 2195 816 apud
2230 765 2394 801 omnes

159 839 289 887 cives
323 836 501 885 honore
537 837 636 885 fuit.
710 838 812 886 Non
848 838 985 900 igitur
1020 840 1318 901 ignobilitate,
1354 838 1629 894 humilitate,
1664 843 1933 902 paupertate
1969 850 2078 885 eum
2113 834 2396 885 commoveri

160 922 308 970 voluit
347 927 507 985 poeta,
547 927 598 969 ut
632 936 694 969 ex
725 935 782 969 ea
827 927 971 977 terra,
1016 937 1135 985 quae
1174 939 1258 987 pro
1297 923 1442 987 patria
1471 929 1619 978 esset,
1650 922 1939 978 discederet,
1988 920 2075 971 sed
2108 921 2207 985 ipse
2242 919 2397 982 abjicit

158 998 389 1053 laudatam
419 1005 663 1051 fortunam.
730 1004 831 1061 Qua
876 1006 922 1052 in
961 1020 1012 1053 re
1053 1006 1258 1069 inprimis
1301 1007 1503 1055 cernitur
1534 1007 1785 1056 temeritas.
1855 1006 2017 1055 Verbo
2044 1006 2169 1055 enim
2204 1006 2252 1052 in
2283 997 2446 1068 epu-l

158 1092 215 1139 lis
254 1091 314 1137 ab
348 1090 536 1137 homine
580 1091 734 1151 aliquo
767 1103 852 1153 per
889 1101 1113 1138 summam
1156 1090 1427 1140 ebrietatem
1464 1093 1635 1153 jactato
1680 1093 1756 1139 ita'
1778 1093 1959 1140 animus
2000 1092 2267 1155 percellitur
2286 1124 2300 1145 ,
2345 1095 2396 1137 ut

158 1176 549 1222 existimationem
586 1188 715 1221 suam
751 1173 924 1220 offendi
953 1187 1009 1220 ac
1038 1174 1171 1235 perdi
1201 1177 1359 1223 credat
1396 1190 1507 1229 nec,
1549 1189 1669 1236 quae
1700 1176 1760 1236 sit
1789 1176 2005 1238 crapulae
2035 1172 2394 1234 vaniloquentia,

158 1258 350 1318 cogitet;
398 1265 494 1304 tum
529 1273 644 1305 vero
680 1258 1000 1321 intempestive
1035 1259 1303 1307 irritabilem
1332 1259 1535 1306 animum
1569 1273 1677 1307 esse
1713 1264 1903 1321 apparet
1936 1264 1983 1305 et
2008 1268 2396 1318 eorumquoque,

159 1353 280 1402 quae
316 1341 520 1402 speciem
556 1342 861 1390 contumeliae
908 1340 1102 1397 habent,
1149 1343 1474 1406 impatientem.
1553 1342 1680 1398 Quae
1715 1350 1787 1390 est
1829 1342 1955 1390 enim
1996 1355 2053 1389 ea
2092 1336 2398 1390 contumelia?

294 1423 397 1470 Non
440 1438 547 1471 esse
582 1438 689 1471 eum
731 1423 832 1485 ejus
874 1425 984 1480 viri,
1038 1425 1170 1485 cujus
1204 1426 1442 1479 videatur,
1488 1423 1657 1480 filium,
1709 1423 1795 1474 sed
1843 1423 2078 1473 subditum
2128 1422 2286 1471 ebrius
2321 1420 2399 1467 ille

152 1507 407 1569 jactaverat
453 1506 518 1564 (v.
554 1505 708 1566 780.).
779 1506 877 1554 Hoc
912 1506 1092 1574 etiamsi
1124 1519 1236 1554 vere
1272 1503 1542 1558 dicebatur,
1565 1506 1570 1510 '
1592 1516 1686 1551 non
1721 1507 1821 1550 erat
1853 1496 2105 1551 dedecori,
2152 1494 2295 1543 modo
2337 1507 2398 1541 ne

92 1587 95 1589 ’
156 1591 337 1651 legibus
371 1589 549 1642 Atticis,
574 1589 694 1642 -sed,
731 1590 859 1650 quod
893 1589 995 1637 fieri
1027 1590 1183 1643 debet,
1218 1588 1380 1635 aetatis
1414 1585 1632 1632 heroicae
1663 1584 1767 1643 Jure
1783 1620 1785 1622 .
1801 1584 1879 1629 res
1904 1579 2192 1627 aestimetur.
2263 1573 2400 1638 Apud

157 1675 408 1721 Homerum
443 1672 567 1718 enim
603 1682 697 1718 non
733 1672 887 1720 minus
923 1673 977 1726 ii,
1033 1672 1112 1733 qui
1154 1669 1297 1719 νόθοι
1347 1680 1487 1729 quam
1527 1666 1607 1726 qui
1647 1664 1822 1712 σκότιοι
1855 1660 2092 1714 dicuntur,
2142 1657 2400 1722 principum

157 1758 333 1806 habent
366 1757 693 1818 dignationem.
766 1754 1031 1804 Accedebat
1063 1768 1194 1808 vero,
1230 1750 1356 1814 quod
1391 1751 1466 1798 ille
1503 1748 1566 1803 id,
1601 1746 1727 1809 quod
1762 1745 1982 1809 probrum
2016 1742 2106 1807 ipsi
2138 1740 2399 1796 videbatur,

160 1856 253 1889 non
290 1855 403 1888 vere
439 1840 612 1887 dictum
647 1854 755 1887 esse
786 1838 1055 1886 docebatur.
1126 1836 1212 1883 Ubi
1259 1835 1384 1883 enim
1418 1834 1478 1882 de
1524 1848 1577 1880 re
1621 1846 1727 1880 cum
1761 1828 2043 1893 'parentibus
2091 1823 2402 1888 expostulavit

161 1925 207 1973 e‘t
243 1924 500 1986 quaesivit,
545 1924 878 1985 indignabundi
921 1924 985 1970 illi
1030 1929 1205 1969 temere
1249 1920 1297 1967 id
1334 1920 1554 1979 jactatum
1596 1913 1881 1979 respondent
1915 1918 1962 1959 et
2003 1911 2067 1957 ita
2100 1908 2400 1962 satisfaciunt,

161 2017 211 2057 ut
252 2010 354 2071 ipse
396 2009 649 2069 mitigatum
693 2009 1012 2071 placatumque
1046 2021 1097 2053 se
1142 2005 1286 2051 fuisse
1330 2000 1616 2051 confiteatur.
1703 1998 1796 2047 Sed
1833 1996 1894 2044 ad
1928 2001 2110 2058 tempus
2144 1997 2321 2039 tantum
2354 1990 2404 2037 in

161 2098 403 2157 parentum
434 2092 593 2138 verbis
612 2090 976 2152 acquiescebat,
1023 2086 1306 2135 verecundia
1335 2092 1396 2132 et‘
1424 2084 1694 2131 auctoritate
1744 2087 1907 2127 eorum
1953 2091 2047 2122 non
2082 2074 2229 2130 magis
2263 2083 2404 2129 quam

163 2183 424 2224 ceterorum
467 2175 707 2222 hominum
751 2173 1026 2219 movebatur
1035 2192 1048 2228 3
1102 2170 1338 2233 pungebat
1385 2182 1463 2215 res
1513 2167 1717 2212 animum
1769 2171 2046 2220 semperque
2104 2151 2406 2202 succurrebat

163 2261 283 2307 adeo
298 2293 310 2313 ,
359 2267 408 2305 ut
453 2274 524 2309 ne,
557 2259 704 2305 inscio
751 2257 940 2318 quidem
983 2263 1030 2302 et
1075 2256 1220 2301 invito
1266 2259 1399 2314 patre
1440 2257 1487 2296 et
1528 2253 1674 2294 matre
1715 2241 1935 2306 Delphos*
1962 2238 2224 2288 consultum
2273 2234 2404 2283 abire

164 2351 420 2392 vereretur.
1473 2335 1478 2339 '
2193 2325 2198 2330 '

303 2428 383 2473 His
412 2426 629 2473 omnibus
651 2423 1011 2485 diligentissime
1045 2436 1073 2469 a
1108 2428 1242 2484 poeta
1273 2420 1554 2483 compositiS,
1590 2417 1670 2478 qui
1702 2412 1912 2478 proditur
1944 2407 2160 2457 animus?
2190 2400 2404 2456 hominis,

167 2512 309 2560 credo
327 2546 339 2565 ,
388 2518 588 2564 temere,
636 2507 993 2560 contumaciter,
1038 2505 1178 2567 impie
1213 2505 1403 2553 consilia
1440 2516 1525 2551 sua
1559 2497 1781 2562 capientis
1826 2501 1872 2542 et
1919 2490 2192 2556 peragentis.
2283 2486 2407 2577 Haec

166 2603 321 2643 autem
358 2595 551 2642 consilia
569 2571 613 2640 ’a
648 2593 798 2640 libero
833 2591 979 2653 ipsius
1016 2589 1157 2636 animi
1190 2596 1317 2636 motu
1347 2583 1576 2650 proficisci
1618 2594 1757 2629 nemo
1792 2592 1886 2627 non
1918 2575 2046 2625 videt
2054 2596 2066 2633 ;
2105 2574 2153 2622 in
2185 2571 2259 2620 his
2294 2570 2408 2633 ips1s

169 2678 372 2728 consiliis
421 2677 693 2741 principium
745 2680 791 2723 et
844 2685 1032 2722 causam
1088 2671 1429 2733 insequentium
1486 2666 1742 2715 facinorum
1792 2674 1899 2746 esse
1943 2663 2147 2724 apparet.
2250 2654 2409 2746 Itaque

168 2761 368 2811 dubitari
426 2775 519 2809 non
572 2765 752 2823 potest,
807 2757 920 2820 quin
975 2760 1112 2819 poeta
1155 2753 1331 2818 Oedipo
1377 2765 1463 2802 suo
1512 2749 1694 2812 culpam
1749 2745 1893 2798 illam,
1947 2754 2085 2805 quam
2128 2748 2407 2801 quaenmus,

170 2845 459 2894 tribuendam
495 2859 603 2891 esse
639 2841 897 2904 significare
932 2840 1144 2887 voluerit.
2031 2903 2037 2906 γ

307 2929 359 2978 ld
403 2943 461 2977 ex
508 2928 565 2976 iis
610 2940 796 2989 quoque
843 2924 1121 2985 intelligetur
1136 2958 1148 2977 ‚
1217 2932 1337 2983 quae
1382 2916 1533 2966 statim
1576 2909 1791 2961 addenda
1844 2913 1965 2956 sunt.
2045 2904 2198 2952 Facile
2244 2898 2406 2950 credas

171 3012 398 3078 Oedipum
450 3012 596 3075 primo
642 3010 828 3074 ancipiti
876 3008 1071 3056 consilio
1130 3011 1313 3069 sumpto
1371 3000 1610 3063 graduque
1668 2994 1846 3059 prolato
1905 2988 2158 3038 inevitabili
2208 2979 2408 3047 quodam

78 3141 83 3148 t
172 3111 325 3144 rerum
372 3109 498 3142 nexu
547 3100 593 3141 et
639 3093 780 3140 animi
825 3078 985 3139 errore
1020 3091 1081 3138 ad
1124 3090 1328 3138 facinora
1375 3087 1452 3133 illa
1484 3081 1712 3148 patranda·
1745 3093 1852 3127 esse
1897 3081 2187 3139 protractum-
2271 3060 2408 3122 Quod

164 3242 227 3313 *N

35 3358 57 3376 Χ
140 3357 149 3365 “
156 3370 160 3374 .
172 3384 187 3397 χ
230 3316 302 3392 RN⁸X

0 3411 35 3426 τι
187 3398 214 3421 ’Ὺ
