2652 3476
1162 149 1463 199 -2-

191 283 378 329 immani
413 283 623 329 fortunae
657 282 952 337 crudelitate,
996 298 1090 345 qua
1124 292 1398 333 exerceatur
1412 318 1425 338 ,
1465 282 1702 331 ‘summam
1743 284 1884 332 animi
1932 284 2250 353 indignitatem-
2290 287 2419 333 exci-

190 367 277 417 tari
303 365 363 428 ι).
433 365 560 422 Quae
594 365 783 428 quidem
818 381 876 415 eo
911 367 1196 431 perducunt,
1247 375 1298 417 ut
1330 368 1576 425 „fatalem“
1605 365 1726 416 hanc
1754 367 1994 432 Sophoclis
2027 368 2228 418 fabulam
2245 367 2424 418 'haberi

192 451 451 503 credamuS,
489 450 608 496 sicut
643 464 807 497 revera
837 450 986 499 fatalis
1021 450 1215 500 habetur
1239 449 1303 513 ²),
1333 453 1423 501 hoc
1447 459 1517 501 est
1534 467 1605 508 ea,
1641 453 1700 514 in:
1713 468 1805 514 qua
1840 454 2025 502 fortuito
2061 467 2214 501 rerum
2247 453 2424 514 gravis-

191 534 410 583 simarum
443 547 671 581 concursu
707 545 762 581 ea
801 535 1103 583 constituatur
1141 535 1333 597 insignis
1368 534 1565 584 hominis
1602 536 1808 592 fortuna,
1854 536 1984 597 cujus
2030 534 2183 583 exitus
2221 534 2423 595 tragicus

190 632 299 666 esse
324 617 505 665 debeat.
574 616 672 663 Hoc
695 630 810 663 vero
841 617 1182 678 tragoediarum
1208 632 1369 678 genus,
1401 626 1453 667 ut
1485 633 1513 666 a
1547 620 1678 681 gravi
1711 625 1976 668 nostrorum
2010 617 2247 670 hominum
2264 630 2421 665 errore

190 701 447 764 profectum
482 705 575 752 est,
622 698 683 745 ita
714 698 916 767 dudum,
953 700 1094 747 credo
1110 734 1122 754 ,
1173 701 1416 763 explosum
1446 709 1493 751 et
1521 703 1745 750 relictum.
1815 702 1908 750 Sed
1949 702 2145 749 fortasse
2187 699 2287 748 fieri
2326 714 2421 748 non

190 785 353 838 debet,
398 790 447 830 ut
489 782 608 831 hanc
642 783 883 847 Sophoclis
927 786 1128 842 fabulam
1175 786 1221 831 in
1249 771 1504 833 ’numerum
1548 800 1733 840 earum,
1778 799 1895 847 quas
1937 783 2023 833 hac
2069 790 2219 832 aetate
2262 783 2422 831 fatales

190 869 565 933 appellaverunt,
609 868 801 915 relatam
831 883 938 916 esse
972 869 1238 924 credamus,
1277 884 1395 931 quae
1425 871 1657 933 proprium
1692 868 1802 932 quid
1837 875 1884 916 et
1917 868 2217 932 praecipuum
2248 866 2422 915 habere

189 953 380 1002 dicatur.
451 951 586 1006 Quod
621 952 757 1012 quale
788 951 876 1004 sit,
929 967 1070 1013 quum
1103 953 1359 1001 accuratius
1391 954 1654 1017 expositum
1700 968 1794 1001 non
1840 952 1925 1006 sit,
1967 966 2054 999 nos
2098 966 2193 999 non
2228 965 2422 1013 quaere·

190 1052 310 1091 mus,
347 1031 507 1098 paucis
543 1035 694 1097 potius
730 1033 1101 1094 significabimus,
1138 1051 1230 1096 quo
1266 1036 1404 1083 modo
1439 1035 1539 1082 fieri
1568 1036 1779 1098 potuerit,
1817 1041 1866 1081 ut
1901 1034 2086 1081 omnino
2117 1033 2233 1082 haec
2269 1034 2422 1081 fabula

190 1121 342 1168 fatalis
376 1119 699 1181 appellaretur.
770 1118 922 1179 Atque
958 1133 1097 1167 causa
1132 1122 1200 1167 rei
1233 1121 1366 1166 altius
1397 1119 1646 1181 repetenda
1681 1134 1774 1166 non
1810 1119 1925 1171 erit,
1970 1119 2010 1165 si
2045 1119 2149 1179 quis
2183 1132 2238 1165 ea
2254 1152 2266 1173 ,
2302 1132 2422 1179 quae

189 1203 314 1267 apud
335 1209 518 1266 poetam
538 1207 645 1249 sunt
664 1201 732 1249 rei
754 1202 916 1264 capita,
954 1203 1227 1250 meminerit.
1288 1205 1400 1250 Sunt
1424 1209 1577 1250 autem
1600 1202 1738 1249 haec:
1774 1202 1893 1250 Puer
1916 1216 2081 1249 recens
2094 1201 2263 1249 Thebis
2287 1208 2422 1250 natus

191 1300 331 1335 servo
366 1283 673 1347 exponendus
703 1298 731 1330 a
760 1290 906 1336 matre
940 1284 1161 1332 traditur:
1207 1286 1520 1334 misericordia
1557 1285 1755 1334 hominis
1790 1284 2003 1334 servatur
2034 1290 2081 1332 et
2107 1284 2230 1347 apud
2245 1298 2423 1345 »regem

191 1368 532 1420 Corinthiorum
566 1367 811 1425 educatum
860 1368 1053 1430 primam
1084 1356 1282 1418 aetatem
1318 1370 1511 1418 feliciter
1538 1369 1685 1431 degit,
1725 1369 1877 1418 donec
1910 1368 2197 1416 dubitatione
2230 1366 2291 1415 de
2329 1367 2422 1415 ori·

190 1456 300 1518 gine
338 1468 421 1502 sua
455 1452 624 1514 injecta
639 1451 844 1514 Delphos
871 1453 1130 1500 consultum
1163 1454 1274 1500 abit,
1343 1453 1456 1501 Inde
1480 1467 1624 1514 quum
1654 1452 1702 1500 id
1736 1466 2012 1515 responsum
2046 1451 2277 1499 retulisset
2304 1451 2421 1504 fore,

190 1547 241 1589 ut
274 1546 451 1604 patrem
495 1528 772 1585 interficeret
801 1544 848 1582 et
874 1542 1068 1582 matrem
1115 1538 1163 1582 in
1197 1512 1537 1583 matrimonium
1579 1534 1795 1586 duceret,
1845 1541 2024 1580 terrore
2066 1530 2136 1577 rei
2181 1528 2423 1591 perculsus

190 1631 361 1672 terram
397 1620 765 1672 Corinthiorum·
783 1618 866 1663 ubi
901 1624 1118 1679 parentes
1153 1633 1261 1667 esse
1294 1616 1495 1680 putabat,
1530 1614 1749 1674 fugiebat.
1820 1610 1912 1657 Sed
1953 1610 2002 1656 i'n
2029 1623 2088 1667 eo
2117 1609 2224 1671 ipso
2257 1607 2422 1655 itinere

189 1707 239 1754 in
254 1711 446 1770 ‘patrem
472 1703 634 1751 incidit
665 1705 712 1748 et
746 1698 1017 1762 imprudens
1052 1697 1278 1748 interficit.
1347 1697 1528 1751 Thebas
1558 1693 1730 1744 deinde
1758 1692 1938 1741 delatus
1953 1726 1968 1746 ,
2012 1706 2154 1753 quum
2187 1690 2423 1755 civitatem

191 1772 411 1859 Sphingis
435 1786 703 1837 crudelitate
733 1789 953 1833 vexatam
987 1781 1245 1845 aenigmate
1279 1782 1358 1831 illo
1386 1780 1535 1830 soluto
1580 1779 1825 1837 liberasset
1861 1781 1909 1824 et
1939 1775 2191 1829 erexisset,
2243 1786 2422 1821 merce-

191 1874 265 1922 dis
310 1874 414 1920 loco'
462 1884 656 1931 regnum
700 1873 748 1915 et
796 1865 1053 1930 superioris
1097 1867 1219 1928 regis
1263 1862 1467 1914 uxorem
1496 1863 1693 1929 accipit,
1762 1860 2028 1921 liberosque
2076 1872 2139 1906 ex
2188 1871 2247 1905 ea
2290 1855 2420 1908 tollit.
2499 1920 2506 1927 ο

192 1957 258 2005 Ita
298 1956 434 2017 igitur
481 1951 720 2000 'oraculum
764 1948 943 1996 exitum
984 1946 1144 1996 habuit
1186 1950 1287 2013 ipso
1339 1950 1482 2007 invito
1534 1955 1579 1997 et
1626 1947 1788 1996 inscio.
1873 1945 1997 1993 Haec
2040 1941 2121 2006 qui
2166 1940 2419 2002 collegerit,

192 2041 326 2088 facile
361 2040 440 2092 iis,
477 2038 556 2098 qui
590 2038 884 2083 innocentem
919 2034 1146 2097 Oedipum
1190 2036 1382 2083 summis
1416 2034 1548 2080 malis
1593 2031 1811 2093 exagitari
1852 2028 2038 2081 dicunt,
2073 2025 2422 2082 assentiendum

193 2139 301 2175 esse
334 2122 523 2187 putabit.
592 2121 806 2170 Fortasse
848 2122 951 2184 ipse
985 2120 1225 2182 adjunget,
1276 2134 1400 2182 quae
1430 2132 1534 2166 eam
1571 2112 1836 2180 opinionem
1869 2108 2154 2160 confirment.
2218 2107 2325 2162 ⁴Quo
2371 2106 2421 2153 in

194 2223 367 2271 genere
403 2207 556 2255 'statim
589 2213 802 2254 occurret
836 2203 964 2259 illud,
1002 2203 1125 2265 quod
1145 2204 1448 2252 Cadmeorum
1481 2214 1597 2261 gens
1630 2212 1657 2245 a
1686 2197 1834 2260 prima
1858 2194 1999 2254 stirpe
2020 2192 2227 2254 Erinnyn
2248 2189 2424 2251 (Δήμηέ

192 2312 279 2355 τρα
312 2286 504 2353 Ἐρινύν)
554 2290 765 2337 infestam
804 2287 1026 2334 habuisse
1068 2286 1213 2339 fertur
1257 2294 1395 2349 atque
1446 2285 1607 2332 iratam
1654 2286 1702 2328 et
1739 2276 1943 2340 Oedipus
1983 2275 2186 2323 maxime
2229 2273 2274 2322 ei
2322 2273 2421 2320 irae

194 2376 426 2425 obnoxius
472 2380 519 2421 et
558 2374 691 2434 quasi
733 2380 939 2421 sacratus
985 2373 1130 2421 fuisse
1175 2372 1360 2420 videtur
1383 2367 1444 2430 3).
1514 2366 1670 2414 Potest
1710 2376 1806 2409 non
1852 2360 2003 2407 minus
2054 2357 2160 2406 buc'
2193 2358 2419 2410 revocari,

193 2460 322 2523 quod
356 2457 479 2522 apud
516 2457 787 2520 Sophoclem
823 2464 893 2504 est
915 2452 977 2519 4),
1015 2457 1062 2505 in
1097 2470 1152 2505 ea
1182 2457 1338 2511 domo,
1374 2467 1494 2517 quae
1530 2449 1673 2500 semel
1708 2447 1841 2494 malis
1875 2450 2045 2493 tentata
2077 2443 2152 2497 sit,
2187 2454 2422 2503 nunquam
2450 2470 2456 2477 ι

194 2557 381 2593 cessare
425 2542 628 2589 Deorum
682 2542 945 2590 vindictam.
1028 2543 1184 2591 Potest
1225 2543 1362 2590 etiam
1415 2536 1528 2586 illud
1575 2532 1753 2586 afferri,
1826 2542 1920 2585 non
1972 2526 2155 2575 stetisse
2203 2524 2420 2578 fabulam,

194 2641 340 2689 quum
374 2626 573 2689 primum
609 2626 656 2671 in
692 2639 880 2672 scenam
912 2627 1272 2674 committeretur
1305 2631 1353 2672 et
1393 2617 1694 2692 haudxdubie
1729 2610 2125 2676 tum'Sophoclem
2159 2623 2187 2657 a
2219 2607 2421 2657 Philocle

191 2711 364 2759 victum
399 2725 506 2757 esse
541 2716 809 2772 propterea,
846 2709 971 2769 quod
1005 2724 1104 2756 rem
1138 2707 1457 2756 detestabilem
1486 2692 1580 2751 non
1606 2696 1784 2748 'ferrent
1813 2695 2134 2743 Athenienses.

264 2835 268 2838 .
331 2793 424 2843 Sed
458 2794 672 2857 quamvis
699 2789 918 2858 'speciose
952 2791 1068 2841 haec
1103 2791 1253 2840 omnia
1289 2782 1525 2842 dicantur,
1556 2792 1711 2835 tamen
1742 2777 2031 2829 redeundum
2060 2782 2133 2825 est
2167 2788 2251 2829 eo,
2296 2772 2421 2822 unde

193 2880 386 2945 profecti
437 2894 622 2934 sumus,
677 2885 723 2928 et
766 2879 806 2928 si
849 2893 905 2927 ea
946 2892 1059 2926 vere
1102 2876 1315 2926 dicuntur
1330 2911 1342 2931 ,
1390 2888 1576 2925 omnem
1624 2866 1891 2932 tragoediae
1936 2863 2037 2912 vim·
2073 2866 2121 2909 et
2155 2858 2421 2921 dignitatem

241 3088 274 3129 1)
328 3086 552 3129 Bernhardy,
577 3085 769 3120 Grundriss
791 3085 856 3120 der
879 3087 938 3120 Gr.
962 3085 1039 3119 Litt.
1059 3085 1099 3119 11.
1123 3094 1154 3129 g.
1180 3084 1261 3120 8⁰6.
1527 3081 1563 3121 2)
1608 3075 1816 3119 Mhffi'dy
1837 3075 1861 3109 ¹·
1882 3073 1907 3108 ¹-

237 3149 273 3189 3)
324 3149 362 3183 0.
387 3149 535 3182 Mueller
558 3149 684 3182 Aescb.
708 3148 807 3181 Eum.
832 3158 868 3191 p.
895 3147 973 3182 168.
1538 3143 1575 3185 4)
1622 3142 1733 3185 Anus.
1758 3137 1839 3175 ⁵82.
