2652 3476
1176 181 1510 231 ..12-

230 314 329 376 spei
374 314 539 377 plenus
589 311 1052 365 honorificentissime
1111 332 1218 366 eum
1261 325 1308 367 et
1355 318 1763 369 observantissime
1800 320 1991 376 salutat,
2052 332 2206 368 rernm
2252 319 2463 367 omnium

230 398 468 443 scientiam
486 431 498 450 ,
535 412 625 458 qua
650 399 745 458 jam
781 413 870 445 una
905 400 1188 462 reipublicae
1221 403 1344 450 salus
1376 403 1689 458 contineatur,
1735 405 1783 450 in
1817 418 1876 451 eo
1913 417 2019 451 esse
2053 402 2312 466 praedicat,
2359 415 2464 449 ora-

230 480 381 527 culum
412 480 602 543 Delphis
633 482 817 528 allatum
852 482 1014 544 paucis
1047 485 1264 546 exponit,
1312 484 1513 547 denique
1546 493 1594 533 ut
1631 487 1807 534 salvam
1841 494 1939 535 arte
1977 501 2059 534 sua
2094 485 2225 534 vates
2259 491 2463 548 praestet

230 564 462 612 civitatem
497 564 762 627 suppliciter
799 573 912 614 orat.
986 568 1078 616 Sed
1123 582 1218 616 non
1252 569 1469 617 satisfacit
1503 569 1719 633 precibus
1756 569 1978 628 Tiresias3
2032 568 2180 632 primo
2222 568 2372 617 levius
2415 573 2462 616 et

230 649 392 698 tectius
423 647 661 711 significat,
696 657 858 713 postea
890 666 1019 700 vero‘
1040 652 1253 714 fatigatus
1276 653 1434 701 verbis
1465 654 1668 717 apertius
1690 660 1737 702 et
1765 656 1950 718 gravius
1980 648 2180 710 indicat,
2198 660 2459 718 propterea,

230 732 354 794 quod
389 747 482 781 non
518 733 738 796 expediat
771 734 949 799 Oedipo
986 737 1265 791 resciscere,
1320 737 1445 798 quod
1480 738 1599 786 scire
1631 734 1808 801 cupiat,
1858 754 1911 787 se
1951 738 2062 787 nihil
2093 739 2141 786 in
2158 737 2323 786 -lucem
2356 751 2460 800 pro-

228 817 439 864 laturum.
510 816 624 864 Tum
653 832 768 866 vero
796 818 1016 883 Oedipus,
1053 821 1178 883 quod
1214 821 1272 869 sit
1300 820 1417 868 vatis
1446 820 1686 869 consilium
1721 835 1815 869 non
1849 822 2152 885 perspicienS,
2190 820 2275 870 sed
2309 820 2461 869 statim

228 899 535 972 proditionem
566 901 741 962 patriae
769 916 876 950 eum
912 904 1062 951 moliri
1094 906 1331 967 suspicans
1347 939 1359 959 ,
1392 905 1452 951 ita
1483 905 1549 952 ira
1579 905 1862 960 exardescit,
1899 912 1962 961 ut,
1996 920 2137 968 quem
2169 905 2459 969 paullo-ante

222 982 357 1042 justis
403 983 614 1033 laudibus
663 987 873 1041 ornavit,
919 988 963 1035 ei
1020 989 1227 1036 convicia
1263 990 1439 1050 ingerat
1472 988 1711 1050 minasque
1746 989 1964 1038 intendat.
2042 986 2133 1037 Sed
2169 988 2303 1051 quasi
2332 988 2457 1049 justo

225 1066 422 1113 celerius
471 1067 705 1115 iracundia
743 1070 946 1118 ablatum
991 1085 1044 1119 se
1091 1086 1197 1119 esse
1248 1073 1439 1128 sentiat,
1489 1072 1789 1123 vehementer
1819 1067 2060 1122 'irritatum
2103 1074 2305 1121 animum
2349 1087 2458 1121 esse

224 1157 418 1196 excusat
443 1147 509 1213 ¹).
580 1150 653 1198 Ad
697 1165 752 1198 ea
787 1153 1007 1208 Tiresias,
1053 1153 1177 1215 quod
1232 1168 1345 1222 vere
1388 1164 1588 1220 poterat,
1634 1173 1726 1207 non
1764 1159 2054 1207 extrinsecus
2101 1158 2285 1205 allatum
2331 1157 2457 1204 illum

223 1233 459 1279 fervorem
489 1235 764 1296 respondet,
811 1236 897 1283 sed
932 1237 979 1283 in
1009 1238 1154 1299 ipsius
1190 1239 1342 1284 animo
1379 1255 1484 1289 esse
1520 1238 1656 1289 situm
1687 1249 1734 1291 et
1763 1242 1972 1289 infixum.
2042 1241 2254 1290 Ceterum
2283 1240 2457 1287 tantum

222 1318 378 1372 abest,
408 1326 489 1374 ·ut‚
541 1334 635 1381 quo
671 1321 828 1369 tendat
862 1323 1064 1370 Tiresiae
1099 1324 1267 1378 oratio,
1311 1324 1531 1392 intelligat
1571 1327 1801 1388 animique
1841 1326 2054 1375 ardorem
2095 1324 2237 1372 invita
2278 1323 2456 1371 ratione
2529 1385 2537 1393 ..

222 1403 474 1450 excitatum
509 1404 835 1452 defervescere
870 1407 1004 1460 velit,
1054 1413 1101 1453 ut
1133 1407 1217 1470 per
1251 1409 1391 1462 iram,
1441 1410 1566 1469 quod
1614 1408 1815 1472 profiteri
1854 1424 1947 1456 non
1990 1409 2159 1472 pudet,
2220 1408 2456 1456 conscium

221 1501 330 1533 eum
362 1492 410 1540 et
438 1484 622 1533 affinem
654 1487 786 1534 caedi
814 1488 909 1535 Laii
944 1488 1051 1536 esse
1081 1490 1359 1537 criminetur.
1430 1490 1565 1544 Quod
1610 1507 1704 1552 quo
1741 1485 1861 1551 jure*
1889 1492 2024 1539 faciat
2058 1491 2208 1551 primo
2254 1491 2314 1534 ita
2361 1504 2457 1535 non

221 1570 508 1630 intelligitur,
572 1576 622 1617 ut
664 1571 868 1617 'invitum
913 1586 1020 1619 eum
1061 1578 1107 1619 et
1157 1572 1495 1636 imprudentem
1550 1572 1691 1619 animi
1734 1571 2015 1621 conscientia
2057 1565 2364 1634 suspiciosum
2408 1576 2455 1618 et

219 1652 428 1699 timidum
460 1654 615 1700 facere
650 1653 895 1714 videatur3
931 1659 1091 1714 postea
1122 1654 1170 1700 id
1201 1655 1363 1701 saltem
1397 1669 1505 1711 eum
1534 1655 1757 1717 suspicari
1792 1660 2003 1716 apparet,
2040 1652 2248 1700 Creontis
2281 1652 2454 1699 artibus

220 1744 267 1784 et
296 1737 476 1784 insidiis
508 1738 678 1784 factum
706 1750 828 1790 esse,
864 1742 916 1782 ut
943 1743 1074 1785 vates
1101 1739 1297 1800 primum
1327 1737 1437 1798 quid
1472 1727 1664 1785 sentiret
1696 1749 1972 1800 expromere
2001 1741 2252 1790 recusaret,
2283 1734 2454 1783 deinde

219 1835 334 1868 vero
380 1822 427 1866 in
472 1822 621 1884 ipsum
660 1821 840 1883 culpam
881 1820 1097 1867 facinoris
1143 1823 1385 1868 conferret.
1480 1821 1536 1867 Et
1575 1819 1748 1866 habere
1790 1819 1879 1866 sibi
1921 1819 2187 1874 videbatur,
2240 1818 2366 1866 unde
2405 1817 2455 1865 id

219 1905 470 1964 colligeret.
543 1905 691 1950 Creon
721 1903 843 1949 enim
873 1918 1147 1965 responsum
1170 1903 1390 1966 Apollinis
1414 1903 1602 1966 Delphis
1631 1903 1849 1949 retulerat
1874 1908 1921 1949 et
1951 1900 2210 1949 adulterare
2242 1908 2453 1965 potuerat

221 1990 287 2046 (v.
331 1985 498 2050 603.),
547 1987 671 2035 idem
717 1988 826 2050 ipsi,
881 1994 929 2035 ut
971 1988 1188 2036 Tiresiam
1244 1988 1528 2042 consuleret,
1589 1991 1797 2035 suaserat
1836 1983 1909 2049 (v.
1947 1984 2044 2033 555
2078 1986 2135 2034 cf.
2168 1983 2327 2050 288).
2397 1986 2453 2033 Ut

219 2087 336 2120 vero
372 2071 458 2134 ipsi
493 2069 604 2117 nihil
651 2071 868 2133 imperio,
914 2072 1088 2120 scilicet
1129 2073 1301 2134 ingenii
1335 2072 1544 2119 acumine
1579 2076 1733 2133 parto,
1785 2068 1869 2116 fuit
1902 2069 2081 2123 carius,
2117 2070 2178 2117 ita
2214 2069 2457 2118 Creontem

221 2155 463 2219 imperium
500 2153 590 2202 sibi
625 2160 835 2217 ereptum
870 2154 1086 2203 affectare
1120 2155 1179 2204 ad
1215 2170 1408 2219 eamque
1442 2172 1540 2206 rem
1577 2169 1717 2229 opera
1745 2154 1865 2203 vatis
1900 2154 1964 2202 uti
1998 2161 2140 2218 putat.

356 2240 513 2301 ltaque
564 2240 832 2287 caecitatem
867 2239 1068 2287 Tiresiae
1115 2241 1387 2302 exprobrat,
1437 2242 1485 2288 in
1519 2246 1712 2301 quaestu
1756 2252 1811 2286 ac
1858 2240 1984 2287 lucro
2028 2253 2136 2287 eum
2168 2238 2355 2293 videre,
2409 2237 2457 2287 in

219 2324 416 2373 caeteris
458 2324 674 2372 omnibus
715 2323 945 2371 caecutire
1005 2320 1077 2386 (v
1117 2323 1212 2372 391
1254 2320 1388 2389 sqq.)
1431 2323 1723 2379 criminatur,
1789 2323 1836 2371 in
1887 2336 1971 2372 sua
2015 2329 2174 2372 contra
2232 2322 2480 2386 sapientia*

219 2408 369 2456 soluto
405 2406 619 2470 Sphingis
653 2405 911 2466 aenigmate
947 2406 1137 2475 probata
1167 2407 1400 2468 gloriatur.

356 2492 404 2536 ln
462 2489 533 2535 his
602 2488 817 2534 omnihus
866 2494 1048 2549 praeter
1106 2489 1334 2550 insignem
1388 2492 1510 2537 illam
1561 2492 1701 2538 animi
1754 2487 2091 2553 impotentiam,
2154 2491 2452 2547 iracundiam,

217 2576 546 2635 arrogantiam,
584 2572 870 2635 superbiam,
908 2571 1229 2618 incredibilem
1264 2575 1498 2634 quendum
1527 2575 1672 2622 divini
1700 2574 1818 2620 vatis
1854 2579 2163 2637 contemptum
2197 2576 2325 2622 cerni
2359 2589 2454 2623 non

215 2661 310 2724 Jam
347 2659 627 2706 mirabimur.
700 2657 862 2716 Neque
899 2656 1023 2702 enim
1059 2662 1155 2702 tum
1191 2657 1341 2717 solum
1376 2659 1754 2721 intemperantius
1789 2659 1837 2705 in
1866 2658 2084 2707 Tiresiam
2119 2659 2329 2707 invectus
2362 2666 2450 2714 est,

219 2743 305 2793 sed
340 2757 574 2804 nunquam
605 2740 798 2789 multum
823 2739 867 2787 ei
902 2739 1135 2796 tribuisse,
1173 2741 1250 2788 vel
1281 2747 1328 2789 ut
1362 2743 1533 2790 rectius
1557 2742 1778 2798 dicamus,
1814 2757 2045 2808 nunquam
2071 2749 2176 2792 ante
2213 2758 2319 2791 eum
2345 2758 2454 2792 con-

266 2920 299 2961 l)
356 2927 391 2952 v.
417 2916 502 2952 337:
526 2912 635 2961 ὀργὴν
660 2914 799 2956 {uinum
823 2912 889 2960 τὴν
911 2911 998 2959 ἐμὴν
1021 2913 1150 2950 acerbe
1173 2914 1268 2951 dicta
1290 2923 1316 2963 >a
1340 2916 1492 2952 Tiresia:
1515 2916 1593 2952 mei
1615 2915 1735 2954 animi
1761 2920 1933 2951 naturam
1947 2940 1959 2959 ,
1997 2926 2093 2961 quae
2115 2920 2150 2952 te
2174 2916 2221 2953 ad
2243 2917 2335 2953 iram
2360 2917 2455 2954 exci-

352 2982 418 3021 tet,
458 2979 659 3023 vituperas;
701 2986 784 3011 nam
821 2978 911 3012 iram
943 2977 1100 3022 oedipus
1136 2988 1210 3013 non
1255 2979 1527 3024 exprobaverat:
1574 2982 1650 3014 tum
1703 2987 1796 3023 quae
1829 2981 2044 3023 sequuntur:
2090 2976 2158 3025 τὴν
2191 2977 2257 3026 «ἦν
2289 2976 2324 3015 δ’
2364 2978 2454 3020 ὁμοῦ

354 3042 522 3077 ratonem
553 3039 594 3075 οὐ
625 3042 777 3078 κατεῖδες
800 3041 846 3075 de
867 3041 1054 3076 iracundia
1085 3042 1120 3075 in
1148 3042 1262 3086 ipsius
1293 3044 1413 3077 animo
1443 3042 1637 3085 habitante,
1667 3052 1738 3077 non
1776 3042 1821 3077 de
1849 3043 2009 3084 Jocasta,
2038 3043 2145 3087 quod
2169 3044 2206 3078 G.
2229 3035 2453 3079 Hei-mannus

351 3106 466 3141 voluit
496 3114 579 3139 cum
615 3104 775 3140 Eustath.
808 3105 853 3139 ad
885 3106 923 3139 ΙΙ.
947 3117 961 3136 n
991 3113 1025 3148 p.
1052 3104 1119 3140 ⁷55
1143 3113 1240 3150 sqq„
1273 3105 1508 3151 intelligenda.
1566 3107 1654 3142 Nam
1690 3105 1728 3141 id
1761 3106 1894 3151 agitur,
1935 3108 1977 3141 ut
2013 3108 2114 3142 vates
2137 3115 2239 3146 ‚eum
2270 3106 2310 3142 in
2343 3114 2452 3141 suum

349 3170 465 3215 ipsius
488 3168 646 3203 animum
665 3167 900 3214 introspicere
916 3167 1050 3212 jubeat.
2022 3161 2026 3165 ⁴
