2652 3476
1171 164 1239 174 ...
1306 134 1374 187 23
1443 161 1510 170 -

230 292 335 352 pam
383 280 561 344 Oedipo
607 275 896 326 tribuendam
935 292 1042 326 esse
1083 280 1368 325 monstrasse
1420 269 1619 318 videtur.
1705 267 1916 329 Regnare
1955 281 2041 330 per
2086 266 2207 314 hanc
2254 264 2456 313 fabulam

229 366 436 416 ironiam*
459 364 608 415 illam.
660 370 800 421 quam
832 360 989 409 dicunt
1003 396 1018 416 ,
1065 361 1269 421 divinam
1303 370 1467 405 omnes
1513 355 1614 401 fere
1647 352 1956 402 consentiunt.
2026 351 2084 397 Et
2117 363 2230 398 vere
2276 349 2324 396 id
2357 350 2456 396 exi-

231 449 404 501 stimari
438 461 533 496 non
567 450 719 510 potest
752 445 923 506 negari.
979 444 1252 507 ⁴Nudabitur
1284 456 1341 490 ea
1384 439 1581 503 primum
1596 472 1608 492 ,
1653 437 1694 485 si
1724 436 1828 498 quis
1863 434 2129 496 diligentius
2163 447 2220 482 ea
2250 431 2457 481 attende·

228 536 288 582 rit
327 539 375 581 et
416 529 695 594 inspexerit,
746 541 865 590 quae
899 528 1113 589 ambigue
1143 527 1264 576 dicta
1297 530 1404 576 sunt
1418 558 1431 578 ,
1466 521 1555 570 hoc
1590 527 1686 575 est,
1722 533 1801 574 ea,
1848 533 1969 581 quae
2001 519 2062 566 ita
2097 524 2146 566 ut
2177 517 2300 565 dicta
2335 523 2457 569 suut,

229 600 540 681 intelliguntur
574 613 762 675 quidem
775 621 802 670 ,J
832 613 917 661 sed
951 613 1086 661 simul
1114 612 1162 660 id
1197 609 1450 658 sententiae
1485 606 1677 660 habent,
1727 610 1779 652 ut
1813 604 2081 665 loquentes,
2127 601 2265 661 longe
2310 599 2458 653 aliter,

227 715 368 762 quam
409 700 497 762 ipsi
538 699 763 753 sentiunt,
808 713 865 745 ea
907 700 1057 746 futura
1090 698 1359 757 tristemque
1402 699 1539 753 atque
1572 688 1791 737 acerbum
1825 693 2045 734 eventum
2079 684 2292 731 habitura
2336 696 2459 735 esse,

230 800 323 833 non
358 784 560 831 videant.
631 784 911 830 Gravissime
944 782 1017 829 his
1051 782 1189 827 animi
1224 782 1596 828 commoventur,
1634 775 1675 821 si
1709 774 1810 835 ipse
1845 772 2050 833 Oedipus
2086 784 2143 817 ea
2177 768 2463 832 proloquitur

231 875 278 915 et
308 868 460 928 jactat.
526 867 593 914 Ea
627 882 740 915 vero
770 873 863 913 tam
896 866 1036 913 multa
1071 870 1198 918 sunt,
1235 864 1280 910 in
1317 862 1469 924 priore
1509 858 1710 905 maxime
1743 856 1926 902 fabulae
1960 862 2105 917 parte,
2136 861 2183 901 et
2223 852 2284 899 ad
2331 851 2462 898 intel·

229 950 464 1013 ligendum
499 955 661 1013 poetae
695 949 936 998 consilium
968 955 1061 997 tam
1093 946 1273 1008 gravia,
1314 951 1365 993 ut
1399 945 1446 991 in
1486 943 1542 991 iis
1578 938 1859 989 illustrandis
1894 953 2056 1001 parum
2092 952 2235 986 curae
2270 943 2316 983 et
2359 935 2462 983 dili-

230 1033 413 1096 gentiae
447 1032 645 1097 positum
680 1046 786 1081 esse
821 1029 1060 1093 hucusque
1089 1028 1148 1078 ab
1183 1026 1506 1092 interpretibus
1537 1025 1640 1087 jure
1674 1021 1870 1071 mireris.
1940 1021 2055 1069 Nam
2089 1037 2184 1069 non
2218 1035 2276 1069 ea
2311 1018 2464 1068 solum

230 1116 324 1165 huc
354 1115 617 1165 revocanda
657 1120 788 1168 sunt,
824 1126 943 1174 quae
977 1112 1088 1160 satis
1124 1117 1280 1175 aperta
1314 1111 1553 1166 videntur,
1606 1107 1692 1157 sed
1724 1106 1863 1155 etiam
1897 1118 1976 1159 ea,
2019 1118 2139 1166 quae
2174 1110 2295 1152 tecta
2330 1103 2465 1165 quasi

232 1202 399 1255 latent,
447 1198 717 1260 indaganda.
787 1197 966 1245 Deinde
996 1211 1110 1245 vero
1147 1196 1323 1244 facilius
1358 1195 1504 1243 ironia
1538 1194 1614 1241 illa
1648 1193 1705 1240 iis
1739 1190 2055 1252 cognoscitur,
2103 1202 2225 1250 quae
2257 1187 2465 1250 Oedipus

232 1297 457 1347 peragere
491 1282 580 1329 sibi
623 1281 847 1345 proponit.
931 1280 997 1327 Ea
1035 1279 1159 1327 enim
1200 1278 1365 1325 mirum
1406 1278 1541 1341 plane
1591 1283 1662 1325 est
1678 1311 1690 1330 ,
1737 1289 1829 1337 qua
1863 1275 2040 1323 ratione
2084 1274 2240 1322 omnia
2288 1279 2465 1325 contra,

232 1380 371 1428 quam
405 1366 505 1429 ipse
540 1371 586 1412 et
618 1370 804 1412 censeat
837 1369 884 1412 et
916 1363 1042 1418 velit,
1078 1362 1306 1410 eveniant.
1374 1362 1471 1410 Hoc
1501 1376 1637 1416 vem,
1675 1359 1802 1422 quod
1842 1358 1979 1419 hujus
2009 1364 2081 1407 est
2115 1358 2307 1412 ironiae,
2343 1355 2466 1404 adeo

232 1463 329 1495 non
359 1448 527 1495 accidit
559 1447 743 1494 fortuito
761 1480 773 1500 ,
823 1452 875 1493 ut
908 1446 1048 1493 totius
1083 1444 1348 1506 tragoediae
1382 1444 1647 1498 consilium,
1693 1444 1789 1490 vim
1813 1455 1877 1489 ,ac
1910 1441 2182 1502 gravitatem
2213 1440 2466 1488 contineat.

369 1524 504 1580 Quod
533 1540 674 1586 quum
698 1527 1150 1579 animadverteretur,
1186 1526 1349 1573 duram
1384 1526 1505 1571 illam
1534 1526 1614 1572 fati
1642 1525 1751 1578 vim,
1782 1537 1872 1585 qua
1894 1529 2194 1570 exerceretur
2220 1523 2363 1570 homo
2400 1523 2469 1569 in-

235 1622 435 1661 nocens,
453 1608 652 1667 mitigari
686 1622 742 1655 ea
773 1623 824 1655 re
845 1614 893 1654 et
918 1609 1135 1655 excusari
1166 1613 1456 1669 putaverunt.
1524 1607 1659 1661 Quod
1684 1620 1776 1667 quo
1803 1605 1943 1652 modo
1969 1603 2047 1650 fiat
2063 1606 2141 1651 vel
2165 1604 2267 1652 fieri
2302 1605 2467 1668 possit,

238 1690 457 1752 equidem
491 1704 585 1736 non
620 1690 731 1737 satis
765 1704 1023 1751 assequ0r3
1064 1690 1249 1737 videtur
1282 1689 1432 1752 potius
1466 1703 1522 1736 ea
1555 1690 1628 1737 vis
1662 1690 1725 1736 ita
1757 1689 1939 1749 augeri,
1986 1694 2039 1734 ut
2072 1688 2228 1748 iniqua
2244 1722 2257 1742 ,
2302 1687 2470 1735 crude·

238 1775 320 1829 lis,
363 1773 664 1822 exsecrabilis
711 1771 873 1821 haberi
906 1772 1088 1821 debeat.
1159 1772 1390 1827 Quorsum
1425 1773 1549 1819 enim
1583 1773 1729 1820 tendit
1763 1774 1949 1820 omnino
1985 1786 2041 1818 ea
2074 1772 2252 1818 ironia?
2301 1785 2470 1834 nempe

237 1871 332 1906 non
363 1871 422 1905 eo
435 1870 460 1912 ,·
484 1863 534 1905 ut
568 1856 778 1905 homines
812 1857 971 1905 miseri
1006 1861 1053 1904 et
1086 1856 1291 1911 fortuna,
1311 1916 1315 1919 ι
1335 1871 1429 1904 non
1464 1857 1619 1921 culpa,
1667 1857 1918 1905 calamitosi
1954 1857 2170 1905 ludantur
2203 1863 2251 1904 et
2286 1856 2471 1904 ridean-

237 1948 334 1998 tur3
372 1941 661 1989 clementiam
695 1947 741 1988 et
773 1940 1135 2007 misericordiam
1172 1946 1217 1987 et
1261 1940 1458 2001 flagitant
1496 1941 1529 1988 ii
1564 1947 1610 1988 et
1643 1941 1894 2005 impetrant.
1967 1941 2125 2003 Itaque
2150 1941 2190 1989 si
2215 1939 2471 2004 Sophocles

239 2024 405 2088 Oedipi
451 2025 585 2086 culpa
634 2024 819 2071 omnino
861 2024 1067 2071 vacantis
1108 2024 1255 2071 verba
1300 2030 1346 2071 et
1395 2024 1585 2071 consilia
1630 2025 1803 2071 ironiae
1852 2024 2063 2071 acumine
2106 2023 2473 2086 perstrinxisset,

240 2122 335 2155 non
357 2109 508 2154 minus
529 2108 588 2154 ab
608 2106 901 2154 humanitatis
924 2121 1061 2169 quam
1083 2107 1142 2154 ab
1172 2108 1282 2155 artis
1304 2107 1484 2167 legibus
1509 2108 1784 2156 aberrasset.
1856 2108 1990 2164 Quod
2013 2124 2158 2170 quum
2188 2123 2282 2156 non
2307 2122 2476 2156 conce·

242 2189 377 2239 datur
419 2203 507 2236 nec
550 2190 696 2250 possit
745 2190 963 2244 concedi,
1011 2189 1210 2237 eundem
1251 2190 1373 2252 apud
1417 2206 1546 2245 eum,
1596 2192 1675 2252 qui
1723 2192 1895 2253 ubique
1949 2199 2043 2246 est,
2096 2193 2273 2239 ironiae
2322 2193 2476 2239 locum

244 2273 401 2321 datum
436 2286 543 2320 esse
578 2272 655 2319 vel
703 2272 810 2320 licet
850 2272 1116 2320 existimare
1165 2273 1241 2320 vel
1288 2286 1483 2321 necesse
1528 2279 1612 2320 est.
1681 2273 1823 2321 Datur
1867 2281 2043 2329 autem,
2095 2282 2146 2322 ut
2195 2275 2306 2323 satis
2357 2275 2477 2322 inter

243 2369 409 2404 omnes
452 2362 651 2410 constat,
696 2355 871 2403 ironiae
913 2356 1043 2404 locus
1058 2391 1071 2411 ,
1123 2356 1201 2404 ubi
1248 2363 1329 2404 aut
1376 2355 1515 2403 nimia
1557 2355 1851 2417 prudentiae,
1899 2358 2151 2420 sapientiae
2188 2359 2475 2419 aliarumque

244 2439 463 2486 virtutum
497 2441 652 2503 opinio
694 2442 889 2488 inaniter
925 2454 977 2488 se
1015 2441 1179 2501 jactat,
1222 2446 1299 2487 aut
1341 2440 1493 2501 aliqua
1534 2439 1676 2485 animi
1709 2439 2051 2502 voluntatisque
2082 2439 2362 2489 confidentia
2398 2455 2475 2490 res

241 2537 433 2585 magnas
479 2524 617 2571 etiam
660 2524 950 2572 laudabiliter
996 2537 1218 2586 peragere
1263 2530 1455 2572 conatur
1503 2523 1680 2571 viribus
1728 2537 1890 2586 parum
1937 2523 2285 2573 sufficientibus.
2373 2525 2475 2574 Non

197 2603 199 2605 ’
243 2621 299 2653 ea
317 2641 330 2661 ,
382 2621 501 2668 quae
541 2607 665 2654 bona
681 2642 693 2661 ‚
751 2622 870 2661 non,
915 2621 1033 2668 quae
1067 2609 1185 2654 mala
1228 2614 1358 2661 sunt,
1420 2608 1596 2654 ironiae
1641 2607 1817 2654 facetiis
1858 2607 1934 2654 vel
1980 2607 2154 2655 salibus
2206 2609 2475 2657 insectanda

242 2689 478 2746 videntur,
514 2690 600 2738 sed
634 2704 754 2752 quae
789 2690 1003 2738 stultitiae
1037 2697 1084 2738 et
1116 2691 1428 2754 perversitatis
1462 2692 1647 2754 propria
1680 2691 1909 2740 habentur
1922 2728 1934 2747 ,
1972 2707 2028 2741 ea
2064 2701 2282 2757 putantur
2316 2696 2474 2756 exagi-

242 2772 395 2821 tanda.
499 2774 622 2821 Haec
663 2780 818 2820 autem
860 2773 1012 2820 omnia
1062 2786 1199 2834 quam
1249 2775 1451 2838 maxime
1491 2774 1659 2822 cadunt
1708 2776 1754 2822 in
1796 2775 2037 2838 Oedipum.
2131 2778 2174 2824 ls
2216 2778 2341 2824 enim
2360 2812 2372 2832 ,
2425 2786 2475 2825 ut

245 2855 495 2920 Sophocles
530 2856 717 2919 quidem
750 2856 910 2910 voluit,
945 2856 1030 2903 fuit
1062 2857 1257 2912 animus,
1293 2864 1342 2905 ut
1375 2864 1497 2907 totus
1533 2873 1645 2906 suus
1678 2873 1810 2913 esse,
1848 2860 1946 2908 suis
1982 2866 2105 2908 stare
2129 2861 2308 2909 viribus
2333 2862 2475 2910 vellet

244 2945 345 2986 nec'
364 2939 549 2987 aliunde
581 2939 810 3002 pendere3
858 2935 915 2987 ea
944 2954 1056 2988 suae
1091 2941 1341 3004 sapientiae
1375 2943 1530 3006 opinio
1566 2942 1695 2995 fecit,
1733 2949 1782 2989 ut
1817 2949 2001 2991 ceteros
2031 2943 2244 2993 homines
2278 2960 2389 3008 prae
2420 2961 2474 2993 se

245 3020 524 3085 despiceret,
571 3030 710 3085 atque
739 3025 780 3072 si
812 3025 924 3086 quid
957 3025 1017 3072 ab
1052 3025 1107 3072 iis
1137 3025 1234 3072 suis
1265 3027 1467 3075 consiliis
1503 3024 1819 3088 impedimenti
1853 3026 2088 3088 objectum
2116 3028 2376 3084 videretur,
2412 3029 2472 3077 ad

246 3119 470 3152 summam
493 3107 715 3163 ferociam
749 3113 796 3154 et
837 3108 952 3155 iram
983 3109 1292 3173 abriperetur3
1324 3110 1386 3157 ita
1420 3111 1591 3158 factum
1625 3114 1720 3164 est,
1757 3116 1808 3156 ut
1838 3110 1962 3158 Deos
1996 3112 2250 3173 negligeret
2282 3119 2330 3160 et
2362 3125 2471 3160 con-

2383 3379 2652 3476 A
