2652 3476
194 258 402 311 damus31
434 253 491 302 iis
530 251 687 304 enixu,
733 264 853 313 quae
900 252 1081 313 Iocasta
1119 252 1181 300 de
1232 252 1419 299 oraculo
1467 250 1576 298 olim
1624 249 1749 297 edito
1764 283 1778 304 ,
1827 250 1889 297 de
1929 249 2023 298 filio
2069 253 2304 314 exposito,
2360 253 2423 300 de

193 337 463 404 Iaiicaede
497 339 651 385 narrat
668 369 681 390 ‚
717 340 797 390 ea,
839 340 967 398 quae
994 337 1210 399 ¹Tiresias
1228 342 1365 386 antea
1400 342 1704 399 exposuerat,
1751 334 2032 384 illustrantur
2065 342 2111 384 et
2151 334 2423 384 confirman-

136 420 141 424 ’
194 430 292 482 tur;
342 434 465 483 quae
507 419 570 468 de
613 432 666 467 se
707 421 937 483 expromit
970 421 1176 486 Oedipus
1189 456 1203 478 ,
1223 440 1229 444 ·
1252 434 1440 470 omnem
1481 419 1580 474 rei,
1627 433 1747 482 quae
1785 422 2020 483 quaeritur
2037 455 2049 476 ,
2091 419 2424 469 dubitationem

192 506 444 570 expellunt.
514 505 574 552 At
607 512 722 553 vero
735 537 749 559 ,
784 505 1172 566 quemadmodum
1205 506 1387 554 Iocasta
1417 504 1484 550 'ita
1513 502 1784 567 producitur
1797 539 1809 559 ,
1846 511 1897 552 ut
1930 501 2115 569 propria
2149 504 2250 565 ejus
2284 504 2425 551 animi

192 593 380 644 levitas,
415 589 683 651 improbitas
701 622 714 642 ,
759 588 968 651 impietas
1001 596 1211 651 notetur,
1247 591 1309 636 ita
1343 589 1549 652 Oedipus
1578 594 1722 635 totum
1752 601 1821 636 se·
1836 589 1982 653 aperit
2013 590 2127 653 ipse.
2200 589 2265 635 Ea
2293 603 2424 641 vero,

194 690 313 737 quae
341 677 483 721 antea
518 673 566 719 in
603 686 660 719 eo
694 672 1081 734 depoehendimus
1096 708 1109 729 ,
1130 674 1236 735 ‚hoc
1267 676 1453 735 quoque
1482 674 1587 720 loco
1621 678 1876 735 patescunt.

289 780 306 802 ·.
324 744 477 819 Atque
519 757 718 820 primum
750 758 937 820 quidem
980 760 1028 808 id
1066 760 1268 807 maxime
1309 759 1477 805 mirum
1521 756 1729 816 videtur,
1780 757 1910 819 quod
1959 754 2071 803 nihil
2115 770 2318 818 unquam
2365 754 2426 803 de

195 843 290 890 vita
321 848 429 890 ante
462 848 564 890 acta
611 857 716 890 cum
748 843 929 903 Iocasta
970 844 1325 892 communicavit
1371 844 1418 889 et
1462 848 1572 888 tunc
1615 855 1803 902 quoque
1850 841 2022 887 invitus
2074 842 2426 888 taciturnitatem

196 928 378 992 rumpit.
447 921 562 987 'suni
594 925 785 975 demum
799 961 812 983 ,
865 939 1009 990 quum
1042 942 1101 977 eo
1135 927 1332 977 deducta
1360 940 1436 974 res
1471 931 1566 980 est,
1618 931 1668 973 ut
1709 925 1854 988 ipsius
1889 940 2028 987 quam
2069 925 2271 973 maxime
2318 938 2426 985 cog-

196 1013 390 1070 noscere
424 1011 615 1066 iutersit,
651 1012 896 1060 occisusne
927 1024 956 1058 a
989 1025 1042 1059 se
1077 1012 1136 1059 sit
1154 1011 1305 1067 Laius,
1342 1009 1537 1059 sollicito
1572 1005 1726 1058 animo
1763 1017 1811 1058 et
1845 1010 1965 1059 inter
1998 1024 2130 1074 spem
2158 1015 2427 1070 metumque

197 1099 451 1158 suspenso,
484 1101 726 1157 tanquam,
761 1095 841 1157 qui
874 1095 942 1142 rei
986 1095 1140 1143 exitus
1174 1096 1354 1143 futurus
1385 1095 1469 1149 sit,
1504 1093 1615 1142 nihil
1645 1095 1777 1159 pensi
1806 1093 2009 1162 habens,
2044 1109 2072 1143 a
2108 1108 2161 1143 se
2198 1094 2424 1157 impetrat,

194 1183 252 1225 ut'
270 1191 342 1233 ea,
376 1184 495 1241 quae
529 1179 761 1226 celaverat
793 1184 856 1226 et
875 1184 1069 1242 texerat,
1105 1194 1200 1227 non
1233 1178 1335 1227 aliis
1364 1179 1567 1240 quidem,
1604 1179 1688 1228 sed
1711 1187 1837 1228 certe
1853 1181 2060 1228 locastae
2080 1175 2425 1240 (v.772.800.)

195 1261 376 1322 meant-i
409 1268 626 1323 exponat.
695 1262 776 1310 His
791 1296 804 1316 ,
850 1268 902 1309 ut
933 1261 1058 1310 dicta
1100 1270 1207 1311 sunt
1231 1260 1298 1326 ¹),
1348 1263 1676 1310 conscientiam
1716 1263 1948 1324 quandam
1986 1263 2149 1325 culpae
2191 1262 2426 1310 taciturni-

193 1348 286 1391 tate
318 1342 405 1391 diu
434 1349 582 1392 tectae
615 1344 751 1407 prodi
785 1346 919 1394 facile
952 1346 1130 1394 credas.
1201 1344 1502 1395 Confirmetur
1535 1359 1592 1393 ea
1627 1345 1830 1408 suspicio
1865 1346 1945 1399 iis,
1988 1345 2156 1407 quibus
2186 1346 2426 1408 poenitere

192 1440 247 1474 se
260 1432 460 1482 Tecrum,
515 1435 634 1490 quae
678 1418 841 1477 fecerit
856 1462 869 1484 ,
915 1430 1081 1477 leviter
1115 1428 1338 1491 significat
1352 1463 1366 1482 ,
1415 1442 1559 1488 quum
1592 1427 1704 1476 satis
1749 1427 2008 1475 mirabilem
2042 1427 2232 1489 quidem
2277 1428 2425 1476 fuisse

191 1501 322 1550 dicat.
347 1506 535 1556 casum,
585 1507 666 1563 qui
701 1498 918 1554 Corintho
951 1506 1080 1559 abire
1114 1511 1342 1570 coegerit,
1390 1523 1485 1558 non
1517 1510 1707 1571 dignum
1755 1518 1908 1558 tamen
1922 1544 1936 1566 ,
1984 1511 2117 1571 cujus
2150 1524 2292 1559 causa
2326 1518 2425 1558 tan-

190 1589 315 1645 tum,
364 1590 587 1645 quantum
616 1586 779 1634 fecerit
795 1616 828 1642 ‚.
856 1590 998 1637 studii
1031 1591 1250 1640 sumeret.
1318 1591 1470 1654 Atque
1504 1594 1547 1641 si
1580 1609 1774 1656 usquam
1806 1594 1897 1642 hoc
1937 1595 2042 1642 loco
2074 1595 2228 1656 aliqua
2260 1596 2426 1659 culpae

191 1665 474 1715 conscientia
521 1671 869 1723 commovetur,
908 1671 996 1719 sed
1039 1673 1193 1721 subito
1245 1681 1421 1724 tantum
1470 1691 1526 1725 ea
1559 1679 1687 1726 velut
1731 1676 1797 1727 ex‘
1837 1678 1979 1725 animi
2021 1677 2226 1725 tenebris
2258 1679 2427 1727 emicat

192 1748 435 1811 statimque
465 1751 737 1799 evanescit·
784 1752 1067 1818 Exprimitur
1100 1757 1223 1806 enim
1265 1760 1405 1828 animi
1444 1761 1751 1811 sollicitudine
1786 1768 1834 1811 et
1872 1775 2045 1824 angore
2077 1775 2135 1810 ea
2167 1763 2342 1812 erroris
2377 1769 2425 1812 et

189 1835 500 1897 poenitentiae
516 1868 529 1888 ,
564 1836 605 1882 si
639 1850 730 1897 qua
763 1845 860 1893 est,
896 1842 1150 1900 confessi03
1198 1842 1288 1891 sihi
1319 1844 1502 1900 metuit,
1538 1860 1613 1901 ne,
1651 1848 1692 1894 si
1725 1847 1884 1895 Laium
1917 1847 2147 1896 occidisse
2181 1830 2424 1896 convictus

189 1918 277 1973 sit,
297 1919 416 1967 'suis‘
444 1919 546 1981 ipse
561 1920 742 1969 edictis
775 1928 822 1970 et
851 1923 1256 1987 imprecationibus
1292 1935 1501 1975 teneatur
1534 1936 1611 1984 et,
1639 1931 1765 1992 quod
1797 1937 1935 1978 antea
1961 1928 2164 1978 vidimus
2179 1963 2192 1985 ‚
2227 1945 2425 1991 regnum

187 2003 374 2051 amittat.
446 2004 602 2065 ltaque
636 2019 779 2065 quum
812 2015 1100 2070 perpetratae
1125 2012 1292 2059 caedis
1332 2029 1416 2075 per
1453 2029 1506 2059 se
1551 2029 1645 2060 non
1684 2015 1948 2076 poeniteat,
2000 2015 2172 2061 rectius
2222 2015 2422 2069 fortasse

189 2081 410 2135 contracti
440 2088 574 2151 culpa
610 2103 693 2137 sua
722 2091 911 2153 periculi
945 2096 1276 2143 conscientiam
1317 2093 1393 2144 hic
1434 2095 1718 2159 deprehendi
1752 2094 1975 2144 dicemus.
2022 2095 2260 2144 ⁴Ceterum
2303 2097 2421 2148 haec

188 2168 342 2215 omnia
365 2167 605 2230 Sophoclis
634 2174 846 2233 propria3
880 2175 958 2223 alii
987 2174 1111 2226 enim
1145 2178 1261 2228 haec
1292 2177 1519 2228 finxerant
1545 2181 1614 2229 ita
1648 2180 1851 2241 quidem,
1888 2187 1939 2228 ut
1972 2180 2178 2243 Oedipus
2210 2183 2421 2232 locastae

188 2249 342 2297 statim
375 2256 495 2313 post·
515 2258 786 2315 susceptum
810 2259 1215 2317 regnumslocum,
1249 2263 1331 2309 ubi
1358 2262 1494 2311 Laius
1525 2263 1708 2311 occisus
1742 2269 1863 2317 erat,
1898 2271 2176 2313 monstraret
2198 2263 2260 2329 ²).

321 2334 501 2382 Deinde
530 2349 645 2383 vero
665 2370 677 2390 ,
714 2351 834 2398 quae
864 2337 924 2387 de
958 2341 1051 2389 vita
1079 2350 1187 2392 ante
1220 2352 1321 2393 acta
1350 2353 1525 2401 narrat,
1562 2346 1623 2393 ita
1656 2347 1908 2409 composita
1939 2354 2046 2396 sunt
2062 2384 2074 2403 ,
2111 2356 2162 2397 ut
2194 2366 2305 2400 eum
2333 2367 2419 2402 sua

187 2415 322 2479 culpa
345 2416 398 2464 in
433 2419 631 2467 miserae
665 2420 874 2471 fortunae
908 2423 1158 2474 discrimen
1199 2429 1447 2479 adductum
1491 2447 1597 2480 esse
1634 2432 1901 2480 existimare
1935 2434 2182 2496 possimus.
2254 2438 2419 2489 Omnia

233 2668 268 2709 1)
324 2677 359 2704 v.
385 2668 455 2712 775
497 2686 544 2695 -
593 2688 635 2697 ·-
681 2668 818 2719 ἢγόμην
840 2672 874 2708 δ’
900 2671 991 2724 ὀνὴρ

315 2755 318 2757 .
499 2729 615 2784 dot&
635 2733 792 2777 μέγιστος
813 2737 883 2771 τὸν
904 2736 974 2772 8κεῖ
992 2738 1076 2785 πρίν
1096 2751 1157 2781 μοι
1176 2739 1269 2787 τύχη

502 2791 622 2829 τοιοίδ’
646 2793 789 2842 ἐπέστη,
816 2798 1053 2841 θαυμάσαι
1074 2801 1145 2842 μὲν
1168 2799 1281 2846 ἀξία,

501 2866 610 2890 onon
589 2856 692 2903 υδῆς
714 2870 759 2901 γε
788 2860 891 2899 μέττ
959 2864 1036 2907 τῆς
1060 2862 1204 2909 ἒμῆςο
1211 2862 1260 2899 ὖκ
1284 2862 1388 2904 ἀξά
1410 2889 1419 2899 .

230 2916 266 2954 Ἀ)
320 2918 438 2954 schol.
460 2919 512 2960 nd
530 2921 649 2967 Eurip.
676 2922 803 2959 Pboou.
832 2923 923 2961 1748
952 2934 974 2962 ο
993 2925 1187 2970 Pisandro:
1222 2918 1307 2970 εἶτα
1316 2926 1476 2973 {mute
1454 2925 1521 2974 τὴν
1547 2929 1685 2978 μητέρα
1716 2929 1759 2966 λ’
1737 2943 1823 2972 vome
1850 2930 1895 2970 τό
1917 2934 2078 2978 eburna·
2107 2936 2197 2976 μετὰ
2228 2940 2319 2972 ταῦτ
2300 2951 2346 2972 τα
2376 2940 2414 2974 δὲ

257 3014 261 3017 ,
317 2984 370 3014 &v
350 2981 447 3041 υσιας-
477 2993 536 3018 τεν
503 2981 580 3022 nude
609 2985 759 3046 τεξλόσας
784 2985 820 3021 ἐν
856 2984 907 3032 τᾷ
935 2988 1157 3036 Κιθαιρῶνι,
1189 2988 1387 3038 κατήρχετο
1417 2991 1506 3033 ἔχων
1533 2992 1594 3026 καὶ
1622 2991 1695 3048 τὴν
1715 2990 1765 3028 ὀΙ
1745 2991 1901 3045 οιωίστην
1939 2994 2003 3036 οὖν
2039 3000 2113 3036 τοῖς
2149 2996 2324 3044 citimam·
2356 3003 2415 3035 aaa

317 3038 393 3080 ruo
373 3036 513 3084 onnon
530 3042 648 3079 αὐτῶν
679 3048 760 3094 περὶ
792 3046 854 3084 τὸν
881 3046 1005 3085 τόποι
1014 3048 1139 3085 laam
1160 3052 1223 3101 τῆς
1246 3052 1387 3098 σχιστῆς
1417 3048 1502 3088 ὁδοῦ
1526 3049 1598 3089 ὕπο
1578 3055 1746 3102 ομησθέ
1719 3069 1766 3096 εις
1790 3055 1935 3093 ἕδείκνυε
1920 3060 2012 3107 ετῇ
2030 3055 2193 3109 Ἰοκάστη
2222 3059 2283 3097 τὸν
2304 3061 2415 3098 τόπον

319 3101 419 3135 mie
420 3091 1220 3160 ὸηρᾶγμαδιηγῆσατο·ἧὸδδεινσςφὸρου
1220 3111 1560 3156 ‹razn-clolano·
1581 3115 1707 3162 ἠγνόει·
1704 3116 2010 3166 γᾶρῧοὸοὸκα,

1793 3182 1845 3231 3
