2652 3476
1113 136 1454 186 ..22—

164 276 285 321 illata
319 274 365 321 ei
400 274 458 320 sit
493 273 684 333 inJuna,
736 272 823 321 sed
857 278 907 319 ut
940 285 999 320 eo
1042 272 1228 319 obviam
1258 271 1473 320 vehiculo
1522 276 1660 319 eunte
1703 278 1749 320 et
1787 286 1881 321 non
1921 272 2129 329 cedente,
2159 288 2254 327 non
2299 275 2400 327 fieri

140 372 256 405 *non
287 358 499 421 potuerit.
571 357 749 405 Deinde
784 356 911 419 quod
944 370 1039 403 non
1071 357 1183 404 satis
1217 355 1377 404 hahuit
1411 371 1495 420 par
1528 357 1627 420 pari
1661 357 1851 413 referre,
1886 358 1927 406 si
1961 359 2075 421 quid
2105 359 2402 410 referendum

161 449 311 496 esset,
363 441 448 488 sed
493 455 653 501 regem
695 442 846 503 ipsum
892 455 1148 503 omnesque
1191 442 1385 489 comites
1434 440 1751 497 obtruncavit,
1812 446 1980 502 quanta
2034 442 2175 490 animi
2230 443 2402 492 ferocia

162 527 298 576 fuerit
316 561 329 581 ,
379 531 539 588 aperte
574 531 868 573 monstratur.
939 525 1086 586 Magis
1118 540 1305 587 quoque
1348 526 1465 573 haec
1499 526 1653 573 omnia
1682 526 1833 587 qualia
1882 526 1973 574 sint
2006 526 2308 587 intelligetur,
2360 528 2400 575 si

161 610 294 674 quiS,
332 623 453 671 quae
489 607 549 655 de
586 608 752 655 eadem
783 624 836 657 re
870 609 994 673 apud
1036 610 1152 657 alios
1187 611 1454 665 traduntur,
1503 609 1848 673 comparaverit.
1917 611 2153 672 Nusquam
2181 611 2305 659 enim
2353 612 2401 660 in

160 694 247 742 hac
281 708 332 741 re
348 728 360 747 ‚
392 698 614 754 quantum
648 692 814 748 vide0,
850 693 989 747 t'anta,
1027 700 1197 754 quanta
1228 694 1352 757 apud
1382 692 1681 756 Sophoclem,
1717 692 1881 756 Oedipi
1915 694 2162 749 temeritaS,
2199 694 2400 743 insolen-

160 778 219 824 tia
253 784 298 824 et
335 776 570 823 iracundia
607 776 825 823 cernitur.
896 775 1047 838 Atque
1078 777 1200 840 apud
1235 777 1500 840 Euripidem
1525 774 1596 842 1),
1651 778 1730 839 qui
1774 778 1941 845 eodem
1981 778 2084 827 loco
2121 776 2239 826 haec
2268 779 2399 828 ‹i'acta

158 861 369 923 scripsit,
421 874 564 921 quum
600 860 787 907 obviam
833 861 978 907 factus
1014 861 1149 916 Laio,
1195 862 1467 910 inclamante
1507 860 1690 921 auriga,
1739 861 1883 909 invito
1918 861 2106 923 quidem
2151 862 2304 911 animo
2337 862 2399 911 de

156 946 234 991 via
284 944 541 991 declinaret
580 951 627 991 et
669 959 856 991 currum
893 946 1177 1006 praeteriens
1223 946 1389 993 vulnus
1437 958 1662 1006 equorum
1705 946 1890 1007 ungulis
1934 947 2153 995 inflictum
2202 948 2395 1003 tulisset,

158 1038 254 1075 tum
304 1029 492 1075 demum
542 1030 610 1074 ira
659 1029 862 1089 percitus
913 1029 1123 1086 injuriam
1158 1031 1301 1076 caede
1348 1031 1599 1076 ulciscitur.
1681 1030 1825 1076 Multo
1862 1031 1999 1076 etiam
2033 1032 2298 1078 excusatius
2331 1033 2396 1078 fa-

155 1113 288 1160 cinus
324 1120 420 1166 est,
458 1113 513 1166 si,
546 1112 674 1172 quod
703 1111 1011 1174 Apollodorus
1036 1111 1078 1176 2)
1115 1122 1282 1166 narrat,
1319 1115 1419 1174 ipse
1450 1129 1588 1161 curru
1615 1121 1779 1160 vectus
1814 1114 1870 1159 iis
1901 1115 2016 1161 locis
2050 1115 2234 1162 obviam
2269 1116 2397 1161 venit

155 1196 263 1244 Laio
300 1201 345 1242 et
379 1209 407 1241 a
441 1193 727 1257 Polypheme
764 1196 863 1256 eJus
893 1198 1051 1258 auriga
1080 1197 1281 1257 graviter
1314 1197 1556 1245 lacessitus
1590 1199 1687 1245 vim
1717 1199 1765 1246 vi
1800 1199 1990 1261 repellit.

290 1279 416 1327 Haec
458 1281 641 1334 omnia,
696 1279 817 1342 quae
852 1280 974 1345 apud
1004 1279 1279 1344 Sophoclem
1322 1287 1460 1335 sunt,
1503 1286 1554 1328 ut
1592 1281 1749 1334 facile,
1796 1295 1916 1342 quae
1952 1281 2115 1343 Oedipi
2147 1280 2279 1344 culpa
2321 1280 2393 1334 sit,

153 1363 439 1426 significant,
484 1365 545 1411 ita
592 1364 716 1411 aliud
769 1365 971 1419 accedit,
1022 1365 1148 1426 quod
1184 1365 1351 1413 eodem
1387 1365 1597 1418 revocari
1630 1364 1814 1412 debeat.
1885 1364 2122 1425 Nusquam
2160 1363 2308 1416 enim,
2343 1369 2395 1410 ut

152 1449 313 1511 paucis
355 1447 446 1496 hoc
485 1462 671 1509 quoque
713 1463 1012 1503 moneamus,
1062 1464 1146 1511 per
1203 1456 1343 1496 totam
1381 1448 1582 1495 fabulam
1625 1449 1858 1511 expiatam
1892 1455 1939 1495 et
1986 1454 2227 1511 purgatam
2270 1446 2395 1494 illam

151 1531 347 1579 caedem
386 1544 493 1579 esse
537 1531 775 1578 indicatur.
844 1533 967 1584 Imo‚
1014 1544 1185 1591 quum,
1243 1540 1293 1576 ut
1336 1544 1475 1591 supra
1520 1533 1745 1582 vidimus,
1790 1544 1889 1576 rem
1931 1533 2035 1587 ipse
2068 1532 2129 1573 de
2169 1522 2394 1572 industria

151 1616 350 1664 celasset
379 1614 664 1676 celatamque
701 1628 906 1676 semper,
944 1627 1122 1661 summa
1154 1613 1343 1660 demum
1371 1610 1566 1671 urgente
1601 1610 1879 1657 necessitate
1905 1607 1990 1655 'uni
2020 1607 2229 1655 Jocastae
2260 1618 2393 1668 aper-

150 1687 260 1754 iret,
305 1712 411 1746 eam
446 1698 761 1760 expiationem
801 1698 862 1743 ab
896 1711 955 1744 eo
989 1710 1180 1759 prorsus
1222 1691 1479 1754 neglectam
1525 1697 1572 1739 et
1606 1692 1914 1752 contemptam
1955 1688 2099 1736 fuisse
2133 1687 2391 1736 credemus.

150 1782 207 1828 Et
244 1789 399 1828 tamen
428 1779 769 1828 contemnenda
793 1794 886 1827 non
913 1786 1025 1835 erat,
1059 1794 1146 1828 nec
1172 1780 1432 1838 contempta
1453 1773 1638 1821 videtur
1661 1770 1728 1837 ³);
1760 1771 2082 1833 requirebatur
2105 1771 2230 1818 enim
2253 1783 2392 1832 quam

151 1865 378 1917 maxime,
416 1864 457 1911 si
492 1862 696 1924 quidem,
734 1877 852 1924 quae
887 1864 1013 1912 Plato
1037 1861 1081 1928 4)
1112 1862 1173 1910 de
1209 1875 1265 1909 ea
1295 1873 1348 1907 re
1380 1860 1532 1913 docet,
1570 1858 1629 1906 de
1665 1858 1945 1905 Graecorum
1979 1856 2311 1904 consuetudine
2345 1862 2393 1903 et

150 1949 362 1997 moribus
392 1948 515 1995 dicta
547 1960 654 1994 esse
690 1947 956 1995 existimare
989 1948 1111 2001 licet,
1143 2000 1154 2012 .
1181 1945 1383 1993 Pertinet
1427 1942 1516 1991 hoc
1552 1941 1613 1990 ad
1657 1942 1805 1996 illam,
1860 1954 1999 2002 quam
2038 1954 2176 2004 supra
2214 1940 2391 1989 notavi-

149 2049 253 2082 mus
270 2068 282 2087 ,
340 2031 724 2080 caerimoniarum
769 2039 814 2079 et
862 2033 1018 2093 legum
1052 2030 1312 2079 divinarum
1347 2028 1673 2089 negligentiam
1710 2027 2005 2086 Deorumquc
2042 2025 2249 2087 ipsorum
2282 2039 2392 2072 con-

149 2123 371 2180 temptum
406 2128 435 2162 a
469 2114 593 2162 nulla
628 2114 816 2175 quidem
852 2129 904 2162 re
938 2114 1028 2162 nisi
1069 2127 1096 2160 a
1139 2113 1396 2161 temeritate
1431 2110 1572 2158 animi
1606 2116 1652 2159 et
1687 2123 1801 2158 suae
1847 2107 2098 2172 sapientiae
2132 2107 2392 2167 viriumque

148 2202 451 2251 admiratione
488 2200 759 2262 profectum.

285 2284 530 2345 Reliquum
564 2288 656 2335 est,
694 2287 744 2327 ut
774 2280 931 2343 paucis
965 2279 1025 2327 de
1056 2293 1112 2326 ea
1152 2294 1204 2325 re
1239 2289 1551 2340 exponamus,
1601 2285 1692 2334 qua
1725 2270 1926 2317 maxime
1959 2276 2095 2333 poeta
2129 2284 2261 2319 suam
2295 2270 2392 2318 cul-

201 2525 234 2564 1)
280 2522 412 2556 Phoen.
438 2527 472 2553 V.
497 2517 562 2553 39:
601 2515 659 2550 nat
683 2526 736 2548 Μ
758 2510 889 2548 κελεύει
910 2511 1028 2547 Λαΐου
1051 2508 1271 2559 τροχηλάτης

603 2570 629 2612 ὦ
654 2578 742 2620 ξένε,
767 2575 949 2623 τυράννοις
972 2574 1124 2609 ἐκποδὼν
1147 2574 1351 2615 μεθίστασο.

592 2638 632 2677 Ὁ
658 2639 693 2676 δ’
720 2636 810 2685 εἷρπ’
838 2639 1010 2683 ἄναυδος,
1035 2640 1124 2682 alym
1147 2640 1299 2685 φρονῶν·
1323 2636 1435 2672 πῶλοι
1459 2635 1497 2670 δέ
1520 2647 1571 2667 mr

601 2703 729 2748 χηλαῖς
751 2702 914 2741 τένοντας
938 2700 1159 2742 ἐξεφοίνισσον
1183 2699 1317 2735 ποδῶν·

603 2763 812 2805 ὅθεν-παῖς
835 2764 977 2812 πατέρα
998 2763 1118 2798 καίνει.

199 2835 234 2939 ἐξ
288 2830 784 2937 ἒξὶῗὲἳάΕιξὲἑ.5οᾱ7.Ρὴοοη.
808 2900 841 2925 v.
865 2889 932 2925 44:
970 2889 1026 2923 δεῖ
1043 2890 1134 2923 νοεῖν
1164 2884 1220 2921 ὅτι
1251 2883 1271 2921 ὃ
1297 2884 1464 2923 Οἰδίπους
1486 2881 1656 2924 φονεύσας
1673 2880 1747 2916 -τὸν
1767 2878 1910 2921 Λάϊον.
1945 2876 1989 2916 ὥς
2020 2875 2144 2922 ἐναγὴς
2172 2875 2395 2923 παραχρῆμα

291 2953 357 2990 οὐκ
387 2953 547 2998 εἶς-ἦλθεν
581 2952 627 2991 εἷς
661 2951 702 2987 τὸ
728 2951 831 3000 ἱερὸν.
864 2970 911 2978 -
942 2949 1168 2998 ὑποστρέψας
1192 2949 1229 2984 δὲ
1254 2946 1300 2987 εἷς
1322 2945 1508 2994 Κόρινθον
1532 2947 1592 2979 καὶ
1616 2943 1820 2990 καθαρθεὶς
1843 2940 1912 2977 τὸν
1934 2939 2039 2982 φόνον
2062 2958 2109 2967 -
2133 2936 2281 2985 ‘narina
2306 2936 2395 2984 noos·

290 3015 325 3051 τ’
375 3014 472 3051 θεόν.
1939 3017 1942 3019 ·
2003 3015 2006 3017 ·

200 3081 235 3121 4)
293 3029 401 3113 Ρῖῑο.
427 3078 528 3120 Legg.
554 3077 607 3110 lx.
639 3085 674 3119 p.
701 3076 770 3111 865
795 3085 895 3120 seqq.
943 3075 1096 3109 Maxime
1118 3075 1191 3108 huc
1214 3074 1412 3117 pertinent,
1444 3080 1538 3117 quae
1569 3071 1614 3106 do
1647 3068 1756 3106 caede
1779 3069 1845 3113 per
1872 3068 1963 3103 iram
1989 3067 2182 3104 commissa
2206 3061 2390 3108 disputan·

292 3146 351 3177 tur
376 3148 409 3185 p.
436 3139 507 3175 866
533 3141 568 3173 et
590 3138 647 3173 67.
