2652 3476
1166 193 1234 202 ...
1303 167 1335 215 4
1404 195 1503 236 ..—

198 299 347 360 iisque
390 301 591 346 maxime
640 301 822 347 idoneis
862 300 1102 360 gentibus,
1132 302 1202 348 ,in
1254 303 1422 363 quibus
1471 302 1543 349 est
1593 301 1779 365 Oedipi,
1835 301 2112 349 constitisse.
2198 301 2241 347 Is
2297 301 2434 361 igitur

196 399 341 445 quum
371 385 467 442 jam
502 385 689 431 Graecis
726 385 854 431 visus
890 385 948 431 sit
982 384 1167 446 mythus
1203 387 1263 433 de
1298 386 1483 447 Oedipo*
1507 384 1717 440 traditus,
1735 400 1847 433 vnon
1884 392 1976 433 tam
2005 385 2095 433 hoc
2126 386 2247 438 loco,
2264 385 2434 444 qualis

196 467 444 516 universus
480 468 520 516 is
552 467 700 521 fuerit,
737 467 1057 533 quaerendum
1095 469 1196 523 erit,
1232 485 1385 531 quam,
1421 484 1510 531 qua
1538 470 1718 518 ratione
1753 476 1800 518 et
1834 475 1933 518 arte
1958 467 2212 531 Sophocles
2236 468 2433 517 eolusus

198 550 279 606 sit,
323 557 486 614 postea
536 549 876 614 explicandum.
946 551 1063 599 Nam
1097 553 1373 615 quamquam
1407 553 1482 602 alii
1522 553 1661 602 'aliter
1704 551 1910 609 tradunt,
1956 558 2131 601 mutant
2162 550 2433 614 variantque

196 634 398 698 singula,
443 635 491 682 in
538 648 719 683 summa
762 641 936 684 tamen.
963 650 1120 696 rerum
1157 636 1491 702 apud⁷poetas
1517 638 1638 686 nulla
1676 638 1775 686 fere
1820 637 2046 702 reperitur
2090 630 2430 694 dissimilitudo,

194 719 284 766 nisi
319 720 445 781 quod
480 719 640 781 tragici
676 719 880 766 maxime
916 723 1029 767 suae
1065 719 1187 769 haud
1221 722 1360 769 dubie
1395 720 1562 777 causae
1603 723 1911 777 inservientes
1959 708 2131 769 liberos
2165 721 2225 768 ab
2253 720 2431 784 Oedipo

193 817 256 850 ex
285 804 462 850 incesto
494 803 788 849 matrimonio
825 810 1068 865 susceptos
1103 819 1209 851 esse
1246 811 1501 851 statuerunt
1534 819 1681 866 eaque
1716 819 1769 852 re
1803 805 1862 850 ab
1893 804 2095 850 Homero
2125 810 2187 850 et>
2204 802 2430 864 antiquio-

193 886 320 934 ribus
355 886 498 948 epicis
524 886 857 952 discesserunt.
928 887 1089 947 Neque
1108 903 1221 935 vero
1257 889 1296 935 is
1331 888 1413 934 fuit
1435 887 1701 950 Sophocles,
1739 888 1819 948 qui
1848 888 1895 934 in
1924 887 2002 941 tiis,
2035 885 2430 947 quae‘memoriae

193 975 325 1018 erant
370 969 552 1032 prodita
606 975 654 1017 et
704 969 930 1030 religione
966 970 1100 1031 quasi
1150 976 1347 1025 sacrata,
1391 971 1583 1018 multum
1628 976 1847 1025 novaret,
1899 969 1984 1018 sed
2020 967 2429 1018 tamadmirabilis

191 1052 364 1113 ingenii
396 1052 480 1100 fuit
503 1053 592 1107 vis,
630 1058 681 1099 ut
712 1052 881 1106 omnia,
919 1065 1039 1113 quae
1073 1059 1171 1101 arte
1205 1052 1445 1115 figurasset
1479 1061 1523 1103 et
1552 1055 1815 1110 animasset,
1852 1068 2128 1116 quamquam
2162 1051 2429 1102 tralaticiam

190 1135 472 1199 antiquitatis
508 1134 715 1199 speciem
747 1133 922 1184 habere
958 1134 1256 1193 videbantur,
1306 1144 1456 1187 tamen
1491 1137 1727 1188 doctrinae
1762 1144 1809 1188 et
1851 1136 2167 1193 humanitatis,
2221 1148 2312 1199 qua
2344 1132 2429 1183 Pe-

189 1220 314 1270 riclis
349 1225 479 1270 aetas
514 1220 798 1274 excellebat,
840 1220 1107 1283 plenissima
1142 1229 1314 1271 essent.
1385 1217 1542 1284 Itaque
1578 1234 1719 1284 quum
1753 1220 1886 1284 culpa
1922 1230 2004 1276 ea',
2056 1220 2118 1269 de
2153 1229 2243 1281 qua
2287 1230 2427 1280 quae-

189 1305 333 1353 rimus
376 1305 423 1352 in
457 1304 618 1368 mytho
653 1304 713 1353 de
731 1304 925 1367 Oedipo
971 1304 1138 1353 tradito
1174 1306 1367 1370 reperiri
1400 1306 1634 1361 videatur,
1688 1319 1793 1354 eam·
1809 1306 1961 1370 *apud
1993 1297 2282 1370 Sophoclem
2313 1297 2427 1363 quo-

190 1402 293 1451 que‘
329 1402 437 1436 esse
473 1388 752 1450 putabimus.
914 1405 965 1441 t·
1539 1385 1542 1388 ’
2128 1382 2133 1408 ²
2179 1383 2182 1385 ’
2209 1383 2213 1387 ’
2352 1381 2356 1386 ’

323 1471 416 1518 Sed
454 1478 716 1532 antequam,
753 1485 872 1533 quae
910 1472 1044 1534 culpa
1077 1472 1136 1519 sit
1165 1478 1211 1518 et
1232 1473 1294 1517 ‘in
1328 1484 1419 1532 qua
1454 1487 1504 1519 re
1539 1473 1640 1526 sita,
1678 1469 2035 1534 explicabimuS,
2070 1476 2121 1518 ut
2153 1475 2316 1534 postea
2352 1481 2423 1520 ea,

187 1568 309 1616 quae
344 1554 543 1602 dicenda
579 1561 714 1600 erunt
732 1588 744 1608 ,
798 1553 858 1600 ad
894 1555 1066 1601 certam
1103 1553 1293 1599 rationis
1337 1566 1545 1600 normam
1588 1553 1792 1613 dirigere
1835 1552 1993 1604 liceat,
2032 1547 2103 1597 '‘de
2139 1544 2254 1602 fato,
2297 1545 2425 1608 q'uod

185 1636 354 1685 durum
389 1643 437 1684 et
470 1651 661 1683 saevum
708 1637 756 1682 in
788 1635 877 1683 hac
908 1634 1146 1698 Sophoclis
1189 1634 1342 1682 fabula
1358 1668 1362 1673 -
1380 1650 1488 1684 esse
1520 1631 1703 1687 volunt,
1747 1633 1909 1695 paucis
1949 1631 2281 1694 exponendum
2320 1629 2423 1677 erit.

184 1721 267 1769 Est
302 1720 491 1781 quidem
525 1718 724 1767 difficilis
774 1720 831 1767 ea
864 1720 1074 1781 quaestio
1110 1719 1489 1780 diligentiusque:
1511 1712 1903 1769 instituendajfsi
1921 1715 2042 1776 *quis
2078 1711 2277 1767 omnia,
2299 1725 2424 1774 quae

184 1807 247 1855 ad
292 1808 395 1854 eam
428 1806 639 1853 revocari
671 1805 748 1852 vel
800 1810 992 1867 possunt
1027 1806 1102 1852 vel
1146 1804 1341 1857 debent,
1385 1801 1620 1865 persequi:
1638 1799 1685 1848 et
1722 1798 1966 1862 complecti
1998 1797 2124 1845 velit.
2150 1833 2154 1835 v
2194 1795 2288 1844 sed
2319 1793 2424 1843 'hoc

183 1890 288 1938 loco
324 1887 582 1951 Sophoclea
618 1888 665 1935 in
700 1888 904 1937 medium
948 1887 1194 1951 protulisse
1227 1883 1461 1943 sufficiet,
1487 1881 1608 1944 'quae
1641 1880 1850 1930 maxime
1880 1881 1941 1929 ad
1977 1894 2082 1929 eam
2117 1893 2240 1934 rem,
2283 1892 2423 1940 quam

182 1972 473 2035 quaerimus,
520 1972 835 2020 illustrandam
877 1973 1071 2027 faciant,
1119 1986 1212 2020 non
1255 1978 1347 2018 tam
1382 1969 1588 2030 sin-gulis.
1617 1966 1755 2021 locis,
1802 1966 1974 2028 quibus
2009 1966 2073 2014 e'a·
2112 1962 2421 2018 continentur,

181 2056 330 2103 allatis
366 2059 430 2103 et'
448 2056 688 2110 excussis,
724 2070 864 2117 quam
898 2056 1099 2119 ipsarum
1135 2051 1465 2102 sententiarum
1499 2059 1661 2099 natura
1696 2058 1742 2098 et
1774 2050 1953 2098 ratione
1977 2048 2225 2097 'indicata-⁴.
2270 2046 2422 2109 Atque

179 2139 379 2202 primum
414 2138 603 2199 quidem
638 2138 761 2201 apud
792 2137 1063 2201 Sophoclem
1098 2152 1191 2185 non
1226 2144 1303 2185 est·
1332 2136 1474 2183 fatum
1507 2134 1579 2189 id,
1603 2133 1786 2194 --,‚quod
1822 2131 2021 2195 physice
2047 2131 2242 2183 dicitur,
2261 2142 2422 2177 ‘causa

182 2228 374 2269 aeterna
404 2236 585 2275 rerum,
631 2236 714 2268 cur
749 2228 796 2267 et
831 2235 906 2274 ea,
950 2222 1068 2281 quae
1107 2222 1474 2282 praeterierunt,
1512 2218 1637 2264 facta·
1665 2217 1781 2268 sint,
1827 2221 1873 2261 et
1907 2227 2026 2274 quae
2059 2212 2263 2266 iustarum:
2294 2210 2420 2265 fiant,

182 2310 228 2352 et
257 2318 377 2365 quae
420 2309 701 2364 sequuntur,
751 2303 901 2350 futura
946 2303 1092 2358 sint“;
1137 2303 1232 2349 imo
1273 2315 1353 2350 eas
1385 2300 1567 2364 partes,
1612 2311 1730 2359 quas
1764 2296 1992 2344 Homerus
2028 2302 2077 2344 et-
2106 2294 2205 2343 Diis
2238 2301 2284 2342 et
2326 2294 2420 2342 fato

180 2386 338 2435 tribuit
372 2386 449 2441 ita,
482 2391 532 2434 ut'
561 2385 626 2433 illi
662 2397 802 2447 saepe
838 2383 945 2433 huic
988 2384 1183 2445 subjecti
1219 2385 1334 2438 sint,
1370 2381 1622 2447 Sophocles
1659 2381 1755 2429 Diis
1790 2380 1904 2443 ipsis
1936 2379 2164 2441 assignat3
2206 2391 2300 2426 non
2333 2377 2420 2439 igi·

178 2476 252 2517 tur
295 2468 557 2522 recondita,
614 2467 813 2516 obscura
859 2471 1090 2529 caecaque
1131 2468 1204 2515 vis
1243 2473 1433 2529 regnat,
1483 2465 1568 2514 sed
1613 2465 1687 2511 Dii
1734 2464 1906 2512 omnia
1930 2463 2093 2511 vident
2146 2468 2195 2509 et
2238 2466 2417 2525 regunt.
2441 2474 2455 2485 ‘

178 2552 422 2600 Praeterea
443 2565 539 2599 non
569 2551 635 2598 ita·
656 2548 771 2598 fiunt
795 2551 964 2605 omnia,
1004 2557 1050 2598 ut
1086 2551 1338 2599 inevitabili
1370 2551 1661 2600 necessitatis
1690 2549 1739 2598 vi
1761 2546 2153 2608 efficianturssed
2179 2546 2419 2594 aratione

178 2642 225 2683 et
255 2635 452 2683 consilio
484 2632 850 2695 proficiscuntur,
888 2634 950 2680 ita
988 2640 1037 2680 ut
1065 2649 1158 2681 non
1194 2636 1253 2681 sit
1287 2636 1497 2683 fortuitus
1534 2648 1691 2681 rerum
1721 2625 1929 2679 'omnium
1962 2646 2125 2678 cursus
2158 2644 2215 2678 ac
2237 2630 2418 2677 flumen

177 2719 332 2780 quasi,
365 2702 456 2766 sed
491 2724 707 2779 regantur
744 2707 829 2765 eae
864 2718 1071 2781 numine
1089 2717 1290 2765 Deorum
1319 2725 1366 2765 et
1388 2717 1737 2765 contineantur.
1810 2713 1877 2775 Et
1902 2714 2028 2775 quod
2063 2726 2295 2761 summum
2328 2719 2416 2766 est,

177 2815 349 2848 numen
380 2800 428 2847 id
457 2801 632 2859 justum
666 2807 712 2847 et
747 2806 955 2848 sanctum
990 2798 1199 2853 habetur,
1237 2801 1296 2846 ab
1325 2801 1451 2848 omni
1485 2800 1693 2853 libidine,
1730 2792 2238 2861 cupiditate,‚ssinvidia,
2273 2800 2415 2849 metu,

177 2883 391 2930 alienum.
461 2882 601 2929 Tanta
637 2882 760 2929 enim
791 2887 861 2930 est
895 2881 1100 2929 Deorum
1134 2884 1338 2945 potentia
1372 2888 1419 2930 et
1454 2882 1515 2929 ita
1551 2882 1799 2930 stabilitum
1830 2880 2100 2944 imperium,
2146 2884 2198 2926 ut
2231 2879 2280 2927 in
2310 2878 2416 2939 jure

178 2980 263 3014 suo
298 2965 511 3028 impediri
547 2979 640 3012 non
674 2965 876 3028 possint3
908 2972 1001 3011 tam
1031 2967 1226 3015 affluens
1260 2973 1415 3014 autem
1452 2980 1615 3014 eorum
1650 2967 1746 3014 vita
1780 2965 1907 3013 omni
1946 2946 2123 3027 sg'enere
2168 2963 2411 3015 felicitatis,

177 3057 225 3096 ut
261 3049 373 3094 nihil
412 3056 616 3109 usquam*
638 3050 701 3094 sit
717 3081 729 3100 ,
766 3049 900 3107 quod
935 3050 1155 3095 invidiam
1188 3058 1233 3096 et
1255 3051 1564 3113 ‘cupiditatem
1598 3051 1900 3104 excitem-‘ea
1930 3049 2136 3110 'denique
2156 3048 2413 3118 prudentia

105 3136 108 3139 '
178 3140 225 3179 et
258 3134 478 3195 sapientia
497 3167 508 3186 ,
557 3146 676 3194 quae
711 3132 840 3192 quid,
858 3138 1034 3178 temere
1068 3140 1117 3178 et
1149 3134 1398 3181 libidinose
1422 3123 1587 3180 Tacere
1611 3134 1747 3180 'vetet
1781 3129 1829 3179 et
1861 3138 1989 3179 recte
2023 3126 2177 3178 omnia
2211 3119 2258 3179 et
2288 3131 2410 3190 juste

1016 3201 1047 3235 a·
1233 3204 1267 3217 ·’
