2652 3476
1186 171 1495 220 -8-

214 311 307 359 qua
341 299 688 348 conflictabatur
723 303 885 352 civitas
898 338 911 358 ,
963 305 1298 367 implorandum
1333 306 1463 354 missi
1501 305 1564 354 ad
1580 312 1717 356 :aras
1734 315 1845 358 ante.
1872 312 2046 373 regiam
2080 316 2255 377 positas
2289 327 2453 369 conse-

213 381 378 439 derant
393 417 405 437 ,
456 384 517 430 ita
563 385 745 447 accipit,
799 393 847 433 ut
869 394 1047 436 natura
1076 387 1196 437 ‘eum
1238 390 1726 439 benevolentissimum
1766 400 1893 443 esse·
1917 403 1964 445 et
2008 398 2131 447 bene
2173 400 2453 463 reipublicae

211 467 471 514 consultum
506 465 627 516 velle
660 468 891 532 appareat.
961 472 1066 535 Ipse
1101 487 1242 534 quum
1290 487 1373 523 eos
1407 474 1560 530 videt,
1616 475 1825 526 officiose
1866 481 2100 543 procedit,
2149 484 2282 549 quid·
2307 499 2450 549 expe-

210 558 321 606 tant,
360 554 632 608 sciscitatur,
669 562 716 602 et
750 557 1068 607 misericordia
1089 566 1358 613 commotus,
1395 559 1802 621 quidquidvelint,
1838 576 1867 610 a
1900 579 1954 612 se
1988 565 2308 628 impetraturos
2342 583 2450 619 esse

209 637 411 698 benigne
459 638 694 699 promittit.
792 637 965 701 Atque*
987 656 1130 703 quum
1174 642 1235 689 ad
1278 642 1522 690 levandam
1563 643 1660 691 vim
1687 646 1867 693 2morbi
1893 662 1965 695 vse
2011 650 2204 699 excitari
2258 652 2446 708 audivit,

208 735 303 769 non
339 728 434 769 tum
464 717 653 782 demum
685 724 786 785 ejus
821 726 1027 773 animum
1057 725 1117 774 ad
1151 739 1253 774 eam
1288 740 1386 773 rem
1421 727 1952 790 converti'·intelligitur;
1990 732 2143 780 -multo
2178 733 2352 794 majore
2399 737 2447 783 in

204 818 440 859 moerore,
508 819 647 867 quam
698 808 730 852 ii
771 809 852 869 qui
896 809 1171 871 supplicant,
1224 809 1324 871 ipse
1361 814 1478 862 est,
1515 810 1655 855 multa
1714 810 1775 857 ad
1830 814 2145 872 quaerendum
2188 818 2445 870 remedium

203 889 359 935 animo
391 890 603 949 agitavit,
640 895 878 952 postremo
909 891 1110 954 Delphos
1150 893 1273 939 misit
1306 893 1564 940 consultum
1581 926 1594 947 ,
1640 901 1689 941 ut
1706 928 1718 948 ,
1752 895 1866 956 quid
1896 897 1956 943 ad
1990 898 2221 948 civitatem
2239 915 2443 949 *servan-

203 971 311 1018 dam
347 973 611 1020 faciendum
645 981 799 1028 esset,
849 975 1044 1022 audiret.
1114 976 1355 1023 Praeterea
1389 989 1504 1022 vero
1538 981 1658 1037 quae
1691 979 1818 1026 Iovis
1849 979 2068 1027 sacerdos
2083 1014 2097 1034 ,
2139 980 2243 1027 dux·
2273 984 2442 1046 suppli-

203 1055 406 1102 cantium
440 1056 579 1112 dicit,
617 1072 821 1106 summas
857 1057 901 1105 ei
935 1057 1096 1105 laudes
1127 1064 1173 1106 et
1207 1057 1408 1106 honores
1442 1058 1579 1106 tribui
1612 1060 1747 1109 facile
1782 1060 2044 1111 ostendunt.
2102 1062 2236 1113 *Haec
2271 1066 2439 1122 omnia,

203 1124 323 1197 quae
375 1139 637 1200 speciosam
694 1146 739 1187 et
787 1139 1074 1202 splendidam
1132 1140 1330 1189 hominis
1383 1139 1606 1189 exhibent
1668 1143 1914 1204 imaginem
1961 1145 2223 1207 optimeque
2270 1147 2354 1195 de
2379 1154 2438 1198 e'o

201 1222 472 1271 existimare
509 1231 703 1287 cogunt,
753 1239 811 1272 eo
845 1222 1038 1273 consilio
1072 1238 1099 1271 a
1139 1230 1274 1288 poeta
1314 1224 1374 1272 ita
1404 1224 1624 1273 adomata
1656 1233 1763 1274 esse
1797 1224 2022 1282 dicimus,
2071 1233 2121 1276 ut
2165 1236 2328 1293 postea
2369 1231 2437 1280 in·-

199 1306 399 1354 clinante
453 1322 506 1355 se
556 1308 739 1356 fortuna
782 1320 839 1354 eo
887 1307 1073 1367 gravior
1125 1314 1434 1368 consequatur
1483 1309 1814 1357 misericordia.
2253 1357 2257 1359 a
2311 1354 2316 1366 ,

334 1389 535 1438 Eadem
544 1405 658 1439 vero
694 1391 831 1439 etiam
865 1390 990 1447 aliud
1024 1390 1072 1437 in
1108 1404 1296 1438 recessu
1328 1389 1522 1445 habent,
1558 1390 1685 1452 quod
1717 1391 1867 1438 fronte
1901 1405 1996 1439 non
2028 1394 2262 1456 aperiunt,
2309 1397 2436 1458 quod

197 1479 370 1533 pungat
404 1473 583 1519 animos
614 1474 919 1533 spectantium
948 1486 1035 1519 nec
1071 1486 1262 1519 securos
1294 1486 1402 1520 esse
1437 1474 1570 1521 sinat.
1638 1472 1807 1520 Mirum
1836 1475 1961 1522 enim
1989 1475 2079 1524 hoc
2114 1478 2267 1539 ipsum
2296 1493 2435 1536 quam

194 1555 396 1603 maxime
416 1554 614 1609 videtur,
640 1554 766 1617 quod
792 1567 978 1603 causam
1001 1552 1288 1617 supplicandi
1316 1551 1572 1600 sciscitatur
1593 1551 1797 1615 Oedipus
1828 1565 1893 1599 ex
1918 1551 2113 1600 aedibus
2139 1567 2430 1616 progressus.

193 1637 384 1686 Etiamsi
420 1638 544 1685 enim
578 1636 668 1685 hoc
704 1651 761 1685 eo
801 1637 1033 1700 pertinere
1068 1636 1211 1689 dicas,
1247 1641 1298 1681 ut
1328 1633 1533 1696 Oedipus
1568 1646 1627 1680 eo
1661 1634 1764 1695 ipso
1795 1635 2017 1695 temporis
2052 1640 2309 1690 momento,
2338 1651 2431 1697 quo

192 1720 257 1769 ad
287 1720 510 1768 levandas
543 1720 715 1767 civium
744 1720 954 1766 miserias
995 1717 1327 1781 progrediatur,
1362 1715 1423 1761 ad
1457 1715 1807 1777 acerbissimam
1842 1729 1956 1762 suae
1989 1717 2200 1765 fortunae
2235 1726 2429 1784 'conver-

192 1805 374 1852 sionem
415 1800 609 1865 gradum
644 1805 780 1851 faciat
793 1838 806 1859 ,
856 1805 1023 1851 idonea
1053 1805 1205 1848 tamen
1233 1813 1374 1847 causa
1404 1814 1511 1846 esse
1547 1799 1729 1851 debuit,
1775 1812 1861 1844 cur
1901 1806 2037 1861 poeta
2081 1802 2143 1847 ita
2178 1801 2227 1849 id
2258 1802 2428 1850 sactum

190 1888 348 1935 vellet.
420 1887 705 1934 Occurrebat
750 1888 875 1934 enim
921 1885 1010 1933 hoc
1062 1885 1213 1932 statim
1264 1883 1499 1931 omnibus:
1553 1882 1667 1944 quid
1714 1888 1809 1937 est,
1858 1882 1985 1944 quod
2035 1890 2285 1955 grassante·
2325 1886 2427 1935 sine

190 1973 455 2019 levamento
492 1972 540 2018 vi
575 1971 725 2018 morbi
761 1985 870 2024 rex,
894 1969 1019 2031 ¹quid
1054 1982 1185 2016 sacra
1219 1983 1303 2031 per
1336 1966 1499 2015 urbem
1537 1966 1680 2020 facta,
1717 1967 1829 2028 quid
1861 1968 2181 2033 obstrepentes
2208 1970 2425 2021 lamenta-

187 2056 362 2108 tioneS‚
417 2055 529 2116 quid
578 2055 847 2118 supplicatio
889 2055 1022 2109 velit,
1073 2051 1395 2116 quaerendum.
1438 2051 1604 2114 putat?
1671 2050 1774 2099 Non
1821 2052 1967 2115 potuit
2010 2054 2086 2101 vel
2130 2055 2283 2117 potius
2331 2069 2425 2119 non

187 2138 347 2186 debuit
395 2140 514 2187 scire
561 2140 697 2202 ipse?
782 2139 877 2186 Imo
923 2154 1017 2187 non
1065 2138 1225 2195 debuit
1278 2137 1377 2198 ipse
1426 2149 1589 2184 curare
1634 2142 1681 2184 et
1722 2136 1978 2186 decernere
1992 2172 2004 2192 ‚
2046 2144 2099 2185 ut
2135 2136 2423 2200 pestilentiae

186 2222 567 2270 averruncandae
619 2230 778 2270 causa,
802 2222 862 2270 ad
910 2223 1065 2269 omnia
1108 2222 1310 2279 Deorum
1352 2220 1520 2280 templa
1561 2220 1939 2281 supplicationes,
1978 2220 2230 2284 piacularia*
2253 2218 2423 2270 sacrifi-

186 2307 279 2360 cia,
324 2320 380 2353 ea
425 2306 649 2367 denique,
700 2321 819 2368 quae
863 2306 1093 2367 ejusmodi
1134 2302 1417 2367 temporibus
1455 2303 1769 2363 celebrantur,
1814 2305 2052 2374 sollemnia
2097 2302 2299 2352 fierent?
2365 2304 2421 2354 Et

184 2389 392 2436 voluisse
430 2390 612 2437 videtur
656 2396 792 2451 poeta
824 2387 931 2436 eum
975 2390 1124 2452 ipsum
1164 2388 1254 2434 tale
1304 2386 1416 2448 quid
1457 2387 1669 2446 sentire,
1694 2393 1802 2436 nam'
1848 2389 1976 2450 quod
2021 2388 2251 2437 dicentem
2293 2389 2417 2443 facit,

187 2469 255 2536 (v.
289 2470 357 2534 7.)
394 2489 445 2522 se
482 2489 587 2522 esse
619 2489 751 2529 eum,
795 2474 875 2535 qui
909 2473 1107 2521 inclutus
1138 2470 1392 2534 appelletur
1425 2469 1483 2516 ab
1519 2471 1734 2519 omnibus
1766 2471 1970 2534 Oedipus
1981 2481 2017 2525 ‚f
2036 2485 2128 2519 non
2164 2472 2312 2521 inanis
2348 2478 2421 2521 eet

182 2556 430 2616 jactantiae
465 2573 552 2605 nec
586 2572 870 2621 magnopere
908 2556 1088 2620 prologi
1121 2547 1298 2603 ratione
1342 2554 1619 2616 postulatur,
1673 2556 1759 2603 sed
1798 2556 1865 2603 eo*
1900 2557 2103 2618 spectat,
2133 2562 2187 2604 utv
2218 2560 2346 2604 euni
2367 2570 2419 2605 se

186 2640 472 2703 processisse
506 2641 725 2696 fateatur,
775 2655 801 2688 a
831 2654 923 2702 quo
963 2640 1010 2687 in
1045 2639 1101 2687 iis
1116 2673 1127 2694 ‚
1177 2652 1297 2701 quae
1322 2636 1599 2691 videantur,
1631 2640 1791 2685 rerum
1825 2639 2049 2699 angustiis
2082 2639 2311 2686 auxilium.
2337 2653 2419 2687 ex-

185 2729 434 2786 spectetur.
505 2724 617 2771 Eam
653 2723 1048 2787 exspectationem
1100 2735 1151 2768 re
1193 2735 1307 2768 vera
1357 2721 1501 2767 fuisse
1550 2729 1740 2783 apparet
1785 2722 2002 2785 inspectis
2044 2724 2299 2771 accuratius
2325 2724 2417 2776 iis,

184 2818 305 2868 quae
342 2806 440 2854 dux
472 2808 821 2870 supplicantium
853 2806 1058 2870 exponit.
1131 2805 1218 2860 Qui
1247 2804 1372 2867 quod
1406 2804 1605 2867 primum
1639 2818 1744 2853 aras
1778 2806 1980 2854 Deorum
2014 2807 2144 2861 adiri,
2180 2808 2334 2854 omnia
2367 2806 2417 2852 vi

183 2890 335 2937 morbi
373 2890 541 2952 repleri
578 2897 623 2936 et
657 2891 835 2937 absumi
870 2896 1038 2944 narrat,
1076 2904 1235 2950 regem
1261 2895 1321 2941 et,
1358 2888 1470 2948 quid
1503 2887 1595 2942 fiat,
1628 2890 1810 2936 nescire
1831 2897 1891 2943 et,
1923 2890 1984 2938 de
2010 2891 2262 2938 avertendo
2296 2890 2412 2947 malo

184 2987 292 3022 cum
328 2974 410 3027 iis,
457 2973 734 3035 quibuscum
778 2986 861 3035 par
895 2979 1016 3026 erat,
1063 2987 1216 3034 neque
1251 2974 2229 3034 sermonem·,nequeJconsilia·cont111isse3
2264 2980 2412 3021 osten·

183 3056 265 3104 dit.
337 3055 517 3103 Deinde
555 3055 645 3102 hoc
687 3057 841 3108 multis
883 3056 1033 3102 modis
1067 3061 1247 3109 versat,
1301 3057 1452 3104 videi-i
1489 3071 1651 3118 regem
1669 3061 1820 3118 sienim,
1873 3059 1956 3118 qui
1992 3058 2267 3122 praesentia¹
2292 3053 2411 3106 mala

183 3144 340 3190 levare
378 3140 546 3203 possit;
582 3141 679 3186 tum
712 3153 826 3185 vero
861 3138 1075 3200 precibus
1104 3153 1212 3186 eum
1246 3147 1379 3202 urget
1404 3145 1483 3196 ³et,
1519 3154 1639 3203 quae
1672 3138 2413 3202 eumtaderigendamcafflictam

0 3390 194 3476 ΣΧ
