2652 3476
1158 196 1226 206 -.
1298 167 1502 218 18·-

209 299 469 356 videretur,
505 300 863 363 significavimus
877 336 888 355 ,
924 301 1228 351 haec..tamen
1265 302 1480 351 addenda
1514 310 1633 351 sunt.
1703 300 1855 363 Atque
1889 310 1941 351 ut
1973 304 2174 365 ingenue
2203 305 2439 362 fatemur,

208 384 344 446 plane
391 392 549 431 contra
564 419 578 439 ‚
640 400 778 446 quam
819 387 867 432 in
911 384 1000 435 hac
1047 388 1235 449 quidem
1275 387 1512 450 Sophoclis
1536 387 1706 435 'fabula
1745 385 1846 436 fieri
1893 387 2036 441 solet,
2088 387 2441 441 existimandum

208 467 308 514 erit.
401 467 580 515 Etenim
617 468 657 515 si
695 468 770 516 illa
818 470 1114 526 oeconomia,
1159 485 1280 533 quae
1320 472 1510 535 quidem
1557 471 1752 535 probari·
1786 478 1834 519 et
1884 471 2071 520 laudarit
2105 472 2281 535 possit,
2310 478 2313 482 ’
2340 479 2439 524 cer-

208 550 330 598 nitur
363 550 411 599 in
442 551 566 612 justo
601 565 757 608 rerum
791 551 980 609 ordine,
1016 552 1106 604 hoc
1141 562 1235 612 est,
1272 556 1320 604 in
1354 562 1502 610 recta,
1538 554 1741 617 legitima
1774 552 2110 617 artificiosaque
2137 554 2442 618 dispositione,

208 641 255 682 et
289 635 622 699 compositione
658 636 720 684 ad
752 637 957 699 singula,
1001 640 1122 702 quae
1157 646 1264 688 sunt
1300 641 1347 687 in
1405 653 1478 693 re,
1540 638 1678 702 plene
1709 652 1765 686 ac
1798 638 1999 699 graviter
2036 638 2352 701 expromenda
2395 645 2443 686 et

207 718 480 782 explicanda
513 721 884 777 accommodam,
935 737 1030 785 quo
1072 724 1211 771 modo
1246 723 1317 777 id,
1365 722 1489 783 quod
1524 722 1572 767 in
1618 736 1670 768 re
1703 721 1804 783 ipsa
1838 735 1932 767 non
1966 722 2048 775 sit,
2094 721 2144 768 in
2175 735 2284 784 eum
2318 721 2442 769 ordi-

207 818 315 850 nem
351 804 507 850 inferri
550 811 597 851 et
634 806 784 867 redigi
813 808 984 869 possit,
1031 808 1113 854 vix
1149 808 1425 868 intelligitur.
1494 806 1576 854 Est
1613 804 1814 866 quidem.
1849 806 1897 851 in
1938 803 2026 852 hac
2058 819 2120 852 re
2155 806 2348 866 ,ingenio
2386 819 2441 854 ac

207 886 437 932 sollertiae
473 902 585 934 suus
620 902 875 937 concessus
908 891 1038 937 locus
1072 891 1269 950 licetque
1304 896 1467 951 poetae
1501 889 1726 942 intexere,
1763 887 1930 948 quibus
1957 888 2018 935 ad
2047 889 2442 950 exspectationem

207 976 254 1015 et
287 969 347 1015 ad
382 969 736 1018 admirationem
770 973 1005 1032 erigantur
1040 973 1190 1019 animi
1214 979 1260 1020 et
1294 972 1494 1033 graviter
1528 976 1920 1025 crmmoveantur‚
1965 970 2051 1019 sed
2098 984 2155 1019 ea
2196 985 2291 1019 non
2333 972 2440 1021 licet

206 1051 376 1099 inferre
411 1059 457 1100 et
490 1060 678 1102 ornatus
713 1069 852 1104 causa
887 1066 1162 1119 aspergere,
1206 1056 1372 1118 quibus
1408 1067 1586 1104 summa
1630 1053 1709 1108 rei
1733 1053 2014 1103 adulteretur
2058 1060 2107 1102 et
2142 1054 2438 1104 deformetur.

205 1136 438 1183 Summam
491 1144 648 1185 autem
691 1139 783 1194 rei,
836 1140 884 1187 in
934 1154 1023 1201 qua
1065 1147 1282 1202 tanquam
1323 1139 1462 1188 cardo
1506 1137 1771 1200 tragoediae
1815 1143 2045 1193 vertatur,
2096 1138 2144 1186 in
2184 1144 2346 1187 natura
2392 1146 2441 1188 et

203 1220 369 1267 animis
417 1219 655 1269 hominum
697 1224 973 1285 tragicorum
1017 1226 1151 1273 sitam
1195 1240 1301 1273 esse
1342 1225 1551 1272 dicimus.
1623 1224 1799 1279 Quibus
1846 1225 1927 1286 qui
1968 1223 2229 1272 tribuuntur
2261 1239 2437 1279 mores,
2518 1272 2529 1279 ,

203 1304 235 1350 ii
269 1305 441 1367 proprii
475 1320 530 1354 ac
563 1309 774 1371 perpetui
809 1323 915 1358 esse
951 1309 1140 1363 debent,
1178 1309 1485 1357 conservandi
1521 1315 1627 1356 sunt
1659 1323 1745 1371 per
1779 1314 1922 1356 totam
1954 1308 2160 1355 fabulam
2192 1323 2280 1356 nec
2309 1308 2442 1356 aliter

202 1401 393 1450 prorsus
427 1391 659 1445 mutandi,
707 1407 847 1452 quam
881 1393 1087 1456 ipsorum
1121 1398 1283 1439 natura
1318 1398 1363 1439 et
1394 1392 1509 1439 ratio
1543 1393 1623 1440 'vel
1657 1392 1853 1439 admittit
1886 1393 1964 1440 vel
1998 1391 2212 1455 postulat.
2233 1391 2442 1452 [ltaque

203 1473 473 1521 oeconomia
516 1474 782 1535 tragoediae
825 1474 959 1523 nihil·
981 1476 1071 1523 nisi
1105 1476 1332 1524 actionem
1368 1481 1524 1522 rerum
1558 1475 1618 1521 ab
1660 1480 1820 1523 natura
1863 1481 1911 1523 et
1951 1475 2157 1522 consiliis
2178 1481 2180 1483 ’
2204 1473 2445 1525 hominum

201 1556 476 1616 tragicorum
521 1556 887 1620 proficiscentem
936 1559 1256 1623 complectitur
1295 1562 1342 1604 et
1388 1554 1655 1603 moderatur
1669 1588 1682 1609 ‚
1738 1568 1832 1601 non
1876 1552 1937 1599 ad
1983 1550 2225 1598 arbitrium
2277 1554 2444 1612 poetae

202 1638 465 1687 hominibus
502 1625 687 1700 tragicis
730 1640 847 1689 haec
890 1643 968 1689 vel
1010 1643 1087 1689 illa
1127 1642 1246 1688 actio
1292 1652 1450 1686 rerum
1490 1638 1727 1689 tribuitur,
1783 1643 1836 1683 ut
1890 1633 2139 1682 artificiosa
2188 1640 2235 1681 et
2284 1632 2442 1693 gravis

203 1722 373 1771 existat
426 1723 692 1784 tragoediae
747 1725 1033 1773 oeconomia.
1115 1724 1213 1770 Hoc
1264 1720 1398 1768 facile
1442 1718 1705 1780 apparebit,
1763 1718 1804 1765 si
1855 1717 1965 1778 quis-
2017 1716 2155 1763 unius
2189 1713 2445 1777 Sophoclis

203 1807 382 1855 fabulas
422 1807 542 1873 inter
584 1823 636 1855 se
681 1796 1032 1871 comparaverit.
1114 1807 1201 1855 Ubi
1261 1811 1488 1869 personae
1516 1801 1779 1865 primariae
1825 1807 1985 1851 natura
2031 1807 2102 1851 est
2148 1800 2350 1865 simplex
2397 1806 2444 1848 et

204 1896 448 1944 constanS‚
493 1890 559 1937 ibi
594 1891 794 1954 simplex
829 1898 878 1940 et
910 1892 1127 1956 expedita
1163 1897 1234 1939 est
1275 1888 1456 1936 fabulae
1491 1886 1787 1943 oeconomia,
1837 1886 1929 1934 ubi?
1959 1893 2120 1934 contra
2153 1870 2334 1933 animus
2370 1890 2445 1932 est

203 1975 345 2028 altuS,
391 1973 682 2028 recondituS‚
731 1975 910 2042 varius,
959 1976 1020 2023 ad
1051 1982 1231 2037 tempus
1266 1987 1318 2021 se
1353 1984 1577 2025 versans,
1599 1988 1605 1993 ·
1626 1970 1691 2017 ibi
1733 1970 1974 2033 multiplex
2011 1976 2060 2017 et
2100 1970 2331 2033 implicata
2373 1976 2446 2016 est

204 2057 383 2105 eadem.
452 2058 568 2105 Illud
615 2061 816 2107 maxime
859 2061 981 2108 cadit
1026 2062 1072 2107 in
1104 2060 1420 2108 Philoctetam,
1470 2054 1560 2101 hoc
1608 2054 1655 2100 in
1697 2052 1937 2116 Oedipum.
2008 2053 2123 2099 Huic
2169 2053 2308 2113 igitur
2350 2066 2445 2099 non

204 2157 262 2190 eo
305 2142 499 2188 consilio
544 2141 644 2195 illa,
700 2157 820 2203 qnae
874 2144 1102 2204 diximus,
1169 2142 1310 2188 animi
1351 2139 1462 2186 vitia
1507 2138 1724 2185 tribuisse
1768 2142 1953 2198 poetam
1998 2135 2335 2196 judicabimus,
2394 2140 2446 2180 nt

203 2226 329 2272 tenui
377 2223 456 2270 filo
490 2225 749 2284 argumenti
796 2226 1145 2286 perpetuitatem
1185 2224 1246 2271 ad
1293 2223 1432 2270 finem
1471 2210 1749 2272 deduceret,
1795 2218 1881 2266 sed
1924 2224 1997 2273 ut,
2053 2214 2445 2278 quemadmodum

204 2322 342 2371 supra
377 2305 761 2368 significavimus,
799 2306 846 2353 in
880 2307 938 2356 iis
973 2307 1097 2355 vitiis
1132 2307 1313 2370 culpam
1346 2305 1448 2366 ejus
1483 2304 1627 2351 latere
1661 2302 1932 2351 declararet.

342 2564 439 2609 Jam
488 2577 603 2610 vero
652 2563 726 2617 id,
781 2561 908 2624 quod
957 2562 1174 2614 dicimuS,
1230 2562 1279 2607 in
1322 2558 1644 2609 describendis
1680 2555 1845 2619 Oedipi
1893 2554 2099 2603 moribus
2150 2566 2446 2617 personaque

209 2646 599 2710 repraesentanda
643 2646 930 2709 propositum
954 2645 1076 2691 sibi·
1109 2645 1252 2691 ruisse
1295 2651 1434 2708 poeta
1474 2644 1576 2706 ipse
1611 2641 1842 2689 indicasse
1875 2640 2074 2690 videtur.
2143 2638 2295 2701 Atque
2341 2636 2445 2686 reli-

208 2746 350 2793 quum
387 2738 474 2785 est,
509 2737 559 2777 ut
593 2729 683 2778 hoc
718 2729 878 2793 paucis
914 2728 1202 2792 explicemus
1232 2734 1293 2782 et,
1329 2743 1424 2791 quo
1457 2727 1597 2775 modo
1633 2727 1708 2773 illa
1743 2726 1945 2775 facinora
1979 2725 2038 2773 ab
2071 2725 2215 2789 ipsius
2249 2721 2447 2771 hominis

211 2816 414 2863 consiliis
447 2822 494 2861 et
526 2815 760 2862 voluntate
796 2815 1013 2876 profecta
1036 2813 1129 2862 sint
1146 2848 1158 2868 ,
1196 2812 1455 2860 videamus.
1867 2796 1878 2806 ⁸
2131 2809 2134 2812 ’
2219 2796 2228 2800 ”
2378 2804 2383 2807 ’

346 2898 402 2944 Ut
437 2899 572 2959 igitur
602 2900 648 2944 in
684 2898 825 2959 Ajace
860 2896 928 2964 (v.
965 2899 1063 2946 748
1091 2896 1217 2964 sqq.)
1261 2895 1408 2945 nuntii
1442 2894 1625 2947 verbis,
1679 2907 1770 2954 qua
1804 2892 2052 2941 commissa
2081 2890 2214 2952 culpa
2250 2888 2445 2937 excitata

212 2982 270 3029 sit
304 2982 540 3031 Minervae
575 2982 641 3027 ira
684 2982 932 3037 discimus,
978 2984 1040 3029 ita
1075 2984 1123 3029 in
1161 2981 1314 3029 media
1347 2980 1435 3027 hac
1481 2979 1634 3025 fabula
1667 2977 1877 3039 Oedipus·
1912 2974 2061 3023 calida
2089 2988 2193 3025 fsua
2240 2968 2444 3023 consilia,

212 3065 257 3113 in
306 3064 475 3128 quibus
517 3066 722 3113 omnium
768 3067 1022 3116 facinorum
1068 3073 1115 3114 et
1157 3067 1387 3114 malorum-
1427 3076 1568 3111 causa
1614 3069 1687 3110 est
1703 3095 1716 3116 ‚
1766 3062 1965 3121 ingenue
1997 3071 2054 3105 ac
2101 3056 2250 3103 libere
2278 3053 2443 3116 aperit.
2464 3104 2477 3114 .

211 3148 285 3199 Ad
315 3148 575 3211 detegenda
609 3148 799 3212 quidem
820 3150 1034 3199 ‘facinora
1078 3156 1222 3198 totum
1254 3149 1378 3197 hunc
1413 3149 1568 3196 locum
1602 3144 1670 3213 (v.
1704 3141 2009 3208 700-863.)
2043 3142 2283 3205 pertinere*
2310 3137 2444 3186 facile

0 3371 77 3476 14.
149 3401 255 3476 κ
